
@article{Mamajek2016,
author = "Eric Mamajek",
title = "{Mamajek 18: An Over-Density in Sco-Cen at D = 175 pc}",
year = "2016",
month = "9",
url = "https://figshare.com/articles/Mamajek_18_An_Over-Density_in_Sco-Cen_at_D_175_pc/3829947",
doi = "10.6084/m9.figshare.3829947.v2"
}


@ARTICLE{Blaauw46,
       author = {{Blaauw}, A.},
        title = "{A Study of the Scorpio-Centaurus Cluster}",
      journal = {Publications of the Kapteyn Astronomical Laboratory Groningen},
         year = 1946,
        month = Jan,
       volume = {52},
        pages = {1-132},
       adsurl = {https://ui.adsabs.harvard.edu/#abs/1946PGro...52....1B},
      adsnote = {Provided by the SAO/NASA Astrophysics Data System}
}

@ARTICLE{Prusti16,
       author = {{Gaia Collaboration} and {Prusti}, T. and {de Bruijne}, J.~H.~J. and
        {Brown}, A.~G.~A. and {Vallenari}, A. and {Babusiaux}, C. and
        {Bailer-Jones}, C.~A.~L. and {Bastian}, U. and {Biermann}, M.
        and {Evans}, D.~W. and {Eyer}, L. and {Jansen}, F. and {Jordi},
        C. and {Klioner}, S.~A. and {Lammers}, U. and {Lindegren}, L.
        and {Luri}, X. and {Mignard}, F. and {Milligan}, D.~J. and
        {Panem}, C. and {Poinsignon}, V. and {Pourbaix}, D. and
        {Randich}, S. and {Sarri}, G. and {Sartoretti}, P. and
        {Siddiqui}, H.~I. and {Soubiran}, C. and {Valette}, V. and {van
        Leeuwen}, F. and {Walton}, N.~A. and {Aerts}, C. and {Arenou},
        F. and {Cropper}, M. and {Drimmel}, R. and {H{\o}g}, E. and
        {Katz}, D. and {Lattanzi}, M.~G. and {O'Mullane}, W. and
        {Grebel}, E.~K. and {Holland}, A.~D. and {Huc}, C. and {Passot},
        X. and {Bramante}, L. and {Cacciari}, C. and {Casta{\~n}eda}, J.
        and {Chaoul}, L. and {Cheek}, N. and {De Angeli}, F. and
        {Fabricius}, C. and {Guerra}, R. and {Hern{\'a}ndez}, J. and
        {Jean-Antoine-Piccolo}, A. and {Masana}, E. and {Messineo}, R.
        and {Mowlavi}, N. and {Nienartowicz}, K. and {Ord{\'o}{\~n}ez-
        Blanco}, D. and {Panuzzo}, P. and {Portell}, J. and {Richards},
        P.~J. and {Riello}, M. and {Seabroke}, G.~M. and {Tanga}, P. and
        {Th{\'e}venin}, F. and {Torra}, J. and {Els}, S.~G. and {Gracia-
        Abril}, G. and {Comoretto}, G. and {Garcia-Reinaldos}, M. and
        {Lock}, T. and {Mercier}, E. and {Altmann}, M. and {Andrae}, R.
        and {Astraatmadja}, T.~L. and {Bellas-Velidis}, I. and {Benson},
        K. and {Berthier}, J. and {Blomme}, R. and {Busso}, G. and
        {Carry}, B. and {Cellino}, A. and {Clementini}, G. and {Cowell},
        S. and {Creevey}, O. and {Cuypers}, J. and {Davidson}, M. and
        {De Ridder}, J. and {de Torres}, A. and {Delchambre}, L. and
        {Dell'Oro}, A. and {Ducourant}, C. and {Fr{\'e}mat}, Y. and
        {Garc{\'\i}a-Torres}, M. and {Gosset}, E. and {Halbwachs}, J.
        -L. and {Hambly}, N.~C. and {Harrison}, D.~L. and {Hauser}, M.
        and {Hestroffer}, D. and {Hodgkin}, S.~T. and {Huckle}, H.~E.
        and {Hutton}, A. and {Jasniewicz}, G. and {Jordan}, S. and
        {Kontizas}, M. and {Korn}, A.~J. and {Lanzafame}, A.~C. and
        {Manteiga}, M. and {Moitinho}, A. and {Muinonen}, K. and
        {Osinde}, J. and {Pancino}, E. and {Pauwels}, T. and {Petit}, J.
        -M. and {Recio-Blanco}, A. and {Robin}, A.~C. and {Sarro}, L.~M.
        and {Siopis}, C. and {Smith}, M. and {Smith}, K.~W. and
        {Sozzetti}, A. and {Thuillot}, W. and {van Reeven}, W. and
        {Viala}, Y. and {Abbas}, U. and {Abreu Aramburu}, A. and
        {Accart}, S. and {Aguado}, J.~J. and {Allan}, P.~M. and
        {Allasia}, W. and {Altavilla}, G. and {{\'A}lvarez}, M.~A. and
        {Alves}, J. and {Anderson}, R.~I. and {Andrei}, A.~H. and
        {Anglada Varela}, E. and {Antiche}, E. and {Antoja}, T. and
        {Ant{\'o}n}, S. and {Arcay}, B. and {Atzei}, A. and {Ayache}, L.
        and {Bach}, N. and {Baker}, S.~G. and {Balaguer-N{\'u}{\~n}ez},
        L. and {Barache}, C. and {Barata}, C. and {Barbier}, A. and
        {Barblan}, F. and {Baroni}, M. and {Barrado y Navascu{\'e}s}, D.
        and {Barros}, M. and {Barstow}, M.~A. and {Becciani}, U. and
        {Bellazzini}, M. and {Bellei}, G. and {Bello Garc{\'\i}a}, A.
        and {Belokurov}, V. and {Bendjoya}, P. and {Berihuete}, A. and
        {Bianchi}, L. and {Bienaym{\'e}}, O. and {Billebaud}, F. and
        {Blagorodnova}, N. and {Blanco-Cuaresma}, S. and {Boch}, T. and
        {Bombrun}, A. and {Borrachero}, R. and {Bouquillon}, S. and
        {Bourda}, G. and {Bouy}, H. and {Bragaglia}, A. and {Breddels},
        M.~A. and {Brouillet}, N. and {Br{\"u}semeister}, T. and
        {Bucciarelli}, B. and {Budnik}, F. and {Burgess}, P. and
        {Burgon}, R. and {Burlacu}, A. and {Busonero}, D. and {Buzzi},
        R. and {Caffau}, E. and {Cambras}, J. and {Campbell}, H. and
        {Cancelliere}, R. and {Cantat-Gaudin}, T. and {Carlucci}, T. and
        {Carrasco}, J.~M. and {Castellani}, M. and {Charlot}, P. and
        {Charnas}, J. and {Charvet}, P. and {Chassat}, F. and
        {Chiavassa}, A. and {Clotet}, M. and {Cocozza}, G. and
        {Collins}, R.~S. and {Collins}, P. and {Costigan}, G. and
        {Crifo}, F. and {Cross}, N.~J.~G. and {Crosta}, M. and
        {Crowley}, C. and {Dafonte}, C. and {Damerdji}, Y. and
        {Dapergolas}, A. and {David}, P. and {David}, M. and {De Cat},
        P. and {de Felice}, F. and {de Laverny}, P. and {De Luise}, F.
        and {De March}, R. and {de Martino}, D. and {de Souza}, R. and
        {Debosscher}, J. and {del Pozo}, E. and {Delbo}, M. and
        {Delgado}, A. and {Delgado}, H.~E. and {di Marco}, F. and {Di
        Matteo}, P. and {Diakite}, S. and {Distefano}, E. and {Dolding},
        C. and {Dos Anjos}, S. and {Drazinos}, P. and {Dur{\'a}n}, J.
        and {Dzigan}, Y. and {Ecale}, E. and {Edvardsson}, B. and
        {Enke}, H. and {Erdmann}, M. and {Escolar}, D. and {Espina}, M.
        and {Evans}, N.~W. and {Eynard Bontemps}, G. and {Fabre}, C. and
        {Fabrizio}, M. and {Faigler}, S. and {Falc{\~a}o}, A.~J. and
        {Farr{\`a}s Casas}, M. and {Faye}, F. and {Federici}, L. and
        {Fedorets}, G. and {Fern{\'a}ndez-Hern{\'a}ndez}, J. and
        {Fernique}, P. and {Fienga}, A. and {Figueras}, F. and
        {Filippi}, F. and {Findeisen}, K. and {Fonti}, A. and
        {Fouesneau}, M. and {Fraile}, E. and {Fraser}, M. and {Fuchs},
        J. and {Furnell}, R. and {Gai}, M. and {Galleti}, S. and
        {Galluccio}, L. and {Garabato}, D. and {Garc{\'\i}a-Sedano}, F.
        and {Gar{\'e}}, P. and {Garofalo}, A. and {Garralda}, N. and
        {Gavras}, P. and {Gerssen}, J. and {Geyer}, R. and {Gilmore}, G.
        and {Girona}, S. and {Giuffrida}, G. and {Gomes}, M. and
        {Gonz{\'a}lez-Marcos}, A. and {Gonz{\'a}lez-N{\'u}{\~n}ez}, J.
        and {Gonz{\'a}lez-Vidal}, J.~J. and {Granvik}, M. and
        {Guerrier}, A. and {Guillout}, P. and {Guiraud}, J. and
        {G{\'u}rpide}, A. and {Guti{\'e}rrez-S{\'a}nchez}, R. and {Guy},
        L.~P. and {Haigron}, R. and {Hatzidimitriou}, D. and {Haywood},
        M. and {Heiter}, U. and {Helmi}, A. and {Hobbs}, D. and
        {Hofmann}, W. and {Holl}, B. and {Holland}, G. and {Hunt},
        J.~A.~S. and {Hypki}, A. and {Icardi}, V. and {Irwin}, M. and
        {Jevardat de Fombelle}, G. and {Jofr{\'e}}, P. and {Jonker},
        P.~G. and {Jorissen}, A. and {Julbe}, F. and {Karampelas}, A.
        and {Kochoska}, A. and {Kohley}, R. and {Kolenberg}, K. and
        {Kontizas}, E. and {Koposov}, S.~E. and {Kordopatis}, G. and
        {Koubsky}, P. and {Kowalczyk}, A. and {Krone-Martins}, A. and
        {Kudryashova}, M. and {Kull}, I. and {Bachchan}, R.~K. and
        {Lacoste-Seris}, F. and {Lanza}, A.~F. and {Lavigne}, J. -B. and
        {Le Poncin-Lafitte}, C. and {Lebreton}, Y. and {Lebzelter}, T.
        and {Leccia}, S. and {Leclerc}, N. and {Lecoeur-Taibi}, I. and
        {Lemaitre}, V. and {Lenhardt}, H. and {Leroux}, F. and {Liao},
        S. and {Licata}, E. and {Lindstr{\o}m}, H.~E.~P. and {Lister},
        T.~A. and {Livanou}, E. and {Lobel}, A. and {L{\"o}ffler}, W.
        and {L{\'o}pez}, M. and {Lopez-Lozano}, A. and {Lorenz}, D. and
        {Loureiro}, T. and {MacDonald}, I. and {Magalh{\~a}es
        Fernandes}, T. and {Managau}, S. and {Mann}, R.~G. and
        {Mantelet}, G. and {Marchal}, O. and {Marchant}, J.~M. and
        {Marconi}, M. and {Marie}, J. and {Marinoni}, S. and {Marrese},
        P.~M. and {Marschalk{\'o}}, G. and {Marshall}, D.~J. and
        {Mart{\'\i}n-Fleitas}, J.~M. and {Martino}, M. and {Mary}, N.
        and {Matijevi{\v{c}}}, G. and {Mazeh}, T. and {McMillan}, P.~J.
        and {Messina}, S. and {Mestre}, A. and {Michalik}, D. and
        {Millar}, N.~R. and {Miranda}, B.~M.~H. and {Molina}, D. and
        {Molinaro}, R. and {Molinaro}, M. and {Moln{\'a}r}, L. and
        {Moniez}, M. and {Montegriffo}, P. and {Monteiro}, D. and {Mor},
        R. and {Mora}, A. and {Morbidelli}, R. and {Morel}, T. and
        {Morgenthaler}, S. and {Morley}, T. and {Morris}, D. and
        {Mulone}, A.~F. and {Muraveva}, T. and {Musella}, I. and
        {Narbonne}, J. and {Nelemans}, G. and {Nicastro}, L. and
        {Noval}, L. and {Ord{\'e}novic}, C. and {Ordieres-Mer{\'e}}, J.
        and {Osborne}, P. and {Pagani}, C. and {Pagano}, I. and
        {Pailler}, F. and {Palacin}, H. and {Palaversa}, L. and
        {Parsons}, P. and {Paulsen}, T. and {Pecoraro}, M. and
        {Pedrosa}, R. and {Pentik{\"a}inen}, H. and {Pereira}, J. and
        {Pichon}, B. and {Piersimoni}, A.~M. and {Pineau}, F. -X. and
        {Plachy}, E. and {Plum}, G. and {Poujoulet}, E. and
        {Pr{\v{s}}a}, A. and {Pulone}, L. and {Ragaini}, S. and {Rago},
        S. and {Rambaux}, N. and {Ramos-Lerate}, M. and {Ranalli}, P.
        and {Rauw}, G. and {Read}, A. and {Regibo}, S. and {Renk}, F.
        and {Reyl{\'e}}, C. and {Ribeiro}, R.~A. and {Rimoldini}, L. and
        {Ripepi}, V. and {Riva}, A. and {Rixon}, G. and {Roelens}, M.
        and {Romero-G{\'o}mez}, M. and {Rowell}, N. and {Royer}, F. and
        {Rudolph}, A. and {Ruiz-Dern}, L. and {Sadowski}, G. and
        {Sagrist{\`a} Sell{\'e}s}, T. and {Sahlmann}, J. and {Salgado},
        J. and {Salguero}, E. and {Sarasso}, M. and {Savietto}, H. and
        {Schnorhk}, A. and {Schultheis}, M. and {Sciacca}, E. and
        {Segol}, M. and {Segovia}, J.~C. and {Segransan}, D. and
        {Serpell}, E. and {Shih}, I. -C. and {Smareglia}, R. and
        {Smart}, R.~L. and {Smith}, C. and {Solano}, E. and {Solitro},
        F. and {Sordo}, R. and {Soria Nieto}, S. and {Souchay}, J. and
        {Spagna}, A. and {Spoto}, F. and {Stampa}, U. and {Steele},
        I.~A. and {Steidelm{\"u}ller}, H. and {Stephenson}, C.~A. and
        {Stoev}, H. and {Suess}, F.~F. and {S{\"u}veges}, M. and
        {Surdej}, J. and {Szabados}, L. and {Szegedi-Elek}, E. and
        {Tapiador}, D. and {Taris}, F. and {Tauran}, G. and {Taylor},
        M.~B. and {Teixeira}, R. and {Terrett}, D. and {Tingley}, B. and
        {Trager}, S.~C. and {Turon}, C. and {Ulla}, A. and {Utrilla}, E.
        and {Valentini}, G. and {van Elteren}, A. and {Van Hemelryck},
        E. and {van Leeuwen}, M. and {Varadi}, M. and {Vecchiato}, A.
        and {Veljanoski}, J. and {Via}, T. and {Vicente}, D. and {Vogt},
        S. and {Voss}, H. and {Votruba}, V. and {Voutsinas}, S. and
        {Walmsley}, G. and {Weiler}, M. and {Weingrill}, K. and
        {Werner}, D. and {Wevers}, T. and {Whitehead}, G. and
        {Wyrzykowski}, {\L}. and {Yoldas}, A. and {{\v{Z}}erjal}, M. and
        {Zucker}, S. and {Zurbach}, C. and {Zwitter}, T. and {Alecu}, A.
        and {Allen}, M. and {Allende Prieto}, C. and {Amorim}, A. and
        {Anglada-Escud{\'e}}, G. and {Arsenijevic}, V. and {Azaz}, S.
        and {Balm}, P. and {Beck}, M. and {Bernstein}, H. -H. and
        {Bigot}, L. and {Bijaoui}, A. and {Blasco}, C. and {Bonfigli},
        M. and {Bono}, G. and {Boudreault}, S. and {Bressan}, A. and
        {Brown}, S. and {Brunet}, P. -M. and {Bunclark}, P. and
        {Buonanno}, R. and {Butkevich}, A.~G. and {Carret}, C. and
        {Carrion}, C. and {Chemin}, L. and {Ch{\'e}reau}, F. and
        {Corcione}, L. and {Darmigny}, E. and {de Boer}, K.~S. and {de
        Teodoro}, P. and {de Zeeuw}, P.~T. and {Delle Luche}, C. and
        {Domingues}, C.~D. and {Dubath}, P. and {Fodor}, F. and
        {Fr{\'e}zouls}, B. and {Fries}, A. and {Fustes}, D. and {Fyfe},
        D. and {Gallardo}, E. and {Gallegos}, J. and {Gardiol}, D. and
        {Gebran}, M. and {Gomboc}, A. and {G{\'o}mez}, A. and {Grux}, E.
        and {Gueguen}, A. and {Heyrovsky}, A. and {Hoar}, J. and
        {Iannicola}, G. and {Isasi Parache}, Y. and {Janotto}, A. -M.
        and {Joliet}, E. and {Jonckheere}, A. and {Keil}, R. and {Kim},
        D. -W. and {Klagyivik}, P. and {Klar}, J. and {Knude}, J. and
        {Kochukhov}, O. and {Kolka}, I. and {Kos}, J. and {Kutka}, A.
        and {Lainey}, V. and {LeBouquin}, D. and {Liu}, C. and
        {Loreggia}, D. and {Makarov}, V.~V. and {Marseille}, M.~G. and
        {Martayan}, C. and {Martinez-Rubi}, O. and {Massart}, B. and
        {Meynadier}, F. and {Mignot}, S. and {Munari}, U. and {Nguyen},
        A. -T. and {Nordlander}, T. and {Ocvirk}, P. and {O'Flaherty},
        K.~S. and {Olias Sanz}, A. and {Ortiz}, P. and {Osorio}, J. and
        {Oszkiewicz}, D. and {Ouzounis}, A. and {Palmer}, M. and {Park},
        P. and {Pasquato}, E. and {Peltzer}, C. and {Peralta}, J. and
        {P{\'e}turaud}, F. and {Pieniluoma}, T. and {Pigozzi}, E. and
        {Poels}, J. and {Prat}, G. and {Prod'homme}, T. and {Raison}, F.
        and {Rebordao}, J.~M. and {Risquez}, D. and {Rocca-Volmerange},
        B. and {Rosen}, S. and {Ruiz-Fuertes}, M.~I. and {Russo}, F. and
        {Sembay}, S. and {Serraller Vizcaino}, I. and {Short}, A. and
        {Siebert}, A. and {Silva}, H. and {Sinachopoulos}, D. and
        {Slezak}, E. and {Soffel}, M. and {Sosnowska}, D. and
        {Strai{\v{z}}ys}, V. and {ter Linden}, M. and {Terrell}, D. and
        {Theil}, S. and {Tiede}, C. and {Troisi}, L. and {Tsalmantza},
        P. and {Tur}, D. and {Vaccari}, M. and {Vachier}, F. and
        {Valles}, P. and {Van Hamme}, W. and {Veltz}, L. and {Virtanen},
        J. and {Wallut}, J. -M. and {Wichmann}, R. and {Wilkinson},
        M.~I. and {Ziaeepour}, H. and {Zschocke}, S.},
        title = "{The Gaia mission}",
      journal = {\aap},
     keywords = {space vehicles: instruments, Galaxy: structure, astrometry, parallaxes,
        proper motions, telescopes, Astrophysics - Instrumentation and
        Methods for Astrophysics},
         year = 2016,
        month = Nov,
       volume = {595},
          eid = {A1},
        pages = {A1},
          doi = {10.1051/0004-6361/201629272},
       adsurl = {https://ui.adsabs.harvard.edu/#abs/2016A&A...595A...1G},
      adsnote = {Provided by the SAO/NASA Astrophysics Data System}
}

@ARTICLE{Kounkel17,
       author = {{Kounkel}, Marina and {Hartmann}, Lee and {Mateo}, Mario and {Bailey},
        John I., III},
        title = "{Kinematics of the Optically Visible YSOs toward the Orion B Molecular
        Cloud}",
      journal = {\apj},
     keywords = {ISM: individual objects: Orion B, ISM: kinematics and dynamics, stars:
        pre-main sequence},
         year = 2017,
        month = Aug,
       volume = {844},
          eid = {138},
        pages = {138},
          doi = {10.3847/1538-4357/aa7dea},
       adsurl = {https://ui.adsabs.harvard.edu/#abs/2017ApJ...844..138K},
      adsnote = {Provided by the SAO/NASA Astrophysics Data System}
}




@ARTICLE{vanLeeuwen17,
       author = {{Gaia Collaboration} and {van Leeuwen}, F. and {Vallenari}, A. and
        {Jordi}, C. and {Lindegren}, L. and {Bastian}, U. and {Prusti},
        T. and {de Bruijne}, J.~H.~J. and {Brown}, A.~G.~A. and
        {Babusiaux}, C. and {Bailer-Jones}, C.~A.~L. and {Biermann}, M.
        and {Evans}, D.~W. and {Eyer}, L. and {Jansen}, F. and
        {Klioner}, S.~A. and {Lammers}, U. and {Luri}, X. and {Mignard},
        F. and {Panem}, C. and {Pourbaix}, D. and {Randich}, S. and
        {Sartoretti}, P. and {Siddiqui}, H.~I. and {Soubiran}, C. and
        {Valette}, V. and {Walton}, N.~A. and {Aerts}, C. and {Arenou},
        F. and {Cropper}, M. and {Drimmel}, R. and {H{\o}g}, E. and
        {Katz}, D. and {Lattanzi}, M.~G. and {O'Mullane}, W. and
        {Grebel}, E.~K. and {Holland}, A.~D. and {Huc}, C. and {Passot},
        X. and {Perryman}, M. and {Bramante}, L. and {Cacciari}, C. and
        {Casta{\~n}eda}, J. and {Chaoul}, L. and {Cheek}, N. and {De
        Angeli}, F. and {Fabricius}, C. and {Guerra}, R. and
        {Hern{\'a}ndez}, J. and {Jean-Antoine-Piccolo}, A. and {Masana},
        E. and {Messineo}, R. and {Mowlavi}, N. and {Nienartowicz}, K.
        and {Ord{\'o}{\~n}ez-Blanco}, D. and {Panuzzo}, P. and
        {Portell}, J. and {Richards}, P.~J. and {Riello}, M. and
        {Seabroke}, G.~M. and {Tanga}, P. and {Th{\'e}venin}, F. and
        {Torra}, J. and {Els}, S.~G. and {Gracia-Abril}, G. and
        {Comoretto}, G. and {Garcia-Reinaldos}, M. and {Lock}, T. and
        {Mercier}, E. and {Altmann}, M. and {Andrae}, R. and
        {Astraatmadja}, T.~L. and {Bellas-Velidis}, I. and {Benson}, K.
        and {Berthier}, J. and {Blomme}, R. and {Busso}, G. and {Carry},
        B. and {Cellino}, A. and {Clementini}, G. and {Cowell}, S. and
        {Creevey}, O. and {Cuypers}, J. and {Davidson}, M. and {De
        Ridder}, J. and {de Torres}, A. and {Delchambre}, L. and
        {Dell'Oro}, A. and {Ducourant}, C. and {Fr{\'e}mat}, Y. and
        {Garc{\'\i}a-Torres}, M. and {Gosset}, E. and {Halbwachs}, J.
        -L. and {Hambly}, N.~C. and {Harrison}, D.~L. and {Hauser}, M.
        and {Hestroffer}, D. and {Hodgkin}, S.~T. and {Huckle}, H.~E.
        and {Hutton}, A. and {Jasniewicz}, G. and {Jordan}, S. and
        {Kontizas}, M. and {Korn}, A.~J. and {Lanzafame}, A.~C. and
        {Manteiga}, M. and {Moitinho}, A. and {Muinonen}, K. and
        {Osinde}, J. and {Pancino}, E. and {Pauwels}, T. and {Petit}, J.
        -M. and {Recio-Blanco}, A. and {Robin}, A.~C. and {Sarro}, L.~M.
        and {Siopis}, C. and {Smith}, M. and {Smith}, K.~W. and
        {Sozzetti}, A. and {Thuillot}, W. and {van Reeven}, W. and
        {Viala}, Y. and {Abbas}, U. and {Abreu Aramburu}, A. and
        {Accart}, S. and {Aguado}, J.~J. and {Allan}, P.~M. and
        {Allasia}, W. and {Altavilla}, G. and {{\'A}lvarez}, M.~A. and
        {Alves}, J. and {Anderson}, R.~I. and {Andrei}, A.~H. and
        {Anglada Varela}, E. and {Antiche}, E. and {Antoja}, T. and
        {Ant{\'o}n}, S. and {Arcay}, B. and {Bach}, N. and {Baker},
        S.~G. and {Balaguer-N{\'u}{\~n}ez}, L. and {Barache}, C. and
        {Barata}, C. and {Barbier}, A. and {Barblan}, F. and {Barrado y
        Navascu{\'e}s}, D. and {Barros}, M. and {Barstow}, M.~A. and
        {Becciani}, U. and {Bellazzini}, M. and {Bello Garc{\'\i}a}, A.
        and {Belokurov}, V. and {Bendjoya}, P. and {Berihuete}, A. and
        {Bianchi}, L. and {Bienaym{\'e}}, O. and {Billebaud}, F. and
        {Blagorodnova}, N. and {Blanco-Cuaresma}, S. and {Boch}, T. and
        {Bombrun}, A. and {Borrachero}, R. and {Bouquillon}, S. and
        {Bourda}, G. and {Bouy}, H. and {Bragaglia}, A. and {Breddels},
        M.~A. and {Brouillet}, N. and {Br{\"u}semeister}, T. and
        {Bucciarelli}, B. and {Burgess}, P. and {Burgon}, R. and
        {Burlacu}, A. and {Busonero}, D. and {Buzzi}, R. and {Caffau},
        E. and {Cambras}, J. and {Campbell}, H. and {Cancelliere}, R.
        and {Cantat-Gaudin}, T. and {Carlucci}, T. and {Carrasco}, J.~M.
        and {Castellani}, M. and {Charlot}, P. and {Charnas}, J. and
        {Chiavassa}, A. and {Clotet}, M. and {Cocozza}, G. and
        {Collins}, R.~S. and {Costigan}, G. and {Crifo}, F. and {Cross},
        N.~J.~G. and {Crosta}, M. and {Crowley}, C. and {Dafonte}, C.
        and {Damerdji}, Y. and {Dapergolas}, A. and {David}, P. and
        {David}, M. and {De Cat}, P. and {de Felice}, F. and {de
        Laverny}, P. and {De Luise}, F. and {De March}, R. and {de
        Martino}, D. and {de Souza}, R. and {Debosscher}, J. and {del
        Pozo}, E. and {Delbo}, M. and {Delgado}, A. and {Delgado}, H.~E.
        and {Di Matteo}, P. and {Diakite}, S. and {Distefano}, E. and
        {Dolding}, C. and {Dos Anjos}, S. and {Drazinos}, P. and
        {Dur{\'a}n}, J. and {Dzigan}, Y. and {Edvardsson}, B. and
        {Enke}, H. and {Evans}, N.~W. and {Eynard Bontemps}, G. and
        {Fabre}, C. and {Fabrizio}, M. and {Faigler}, S. and
        {Falc{\~a}o}, A.~J. and {Farr{\`a}s Casas}, M. and {Federici},
        L. and {Fedorets}, G. and {Fern{\'a}ndez-Hern{\'a}ndez}, J. and
        {Fernique}, P. and {Fienga}, A. and {Figueras}, F. and
        {Filippi}, F. and {Findeisen}, K. and {Fonti}, A. and
        {Fouesneau}, M. and {Fraile}, E. and {Fraser}, M. and {Fuchs},
        J. and {Gai}, M. and {Galleti}, S. and {Galluccio}, L. and
        {Garabato}, D. and {Garc{\'\i}a-Sedano}, F. and {Garofalo}, A.
        and {Garralda}, N. and {Gavras}, P. and {Gerssen}, J. and
        {Geyer}, R. and {Gilmore}, G. and {Girona}, S. and {Giuffrida},
        G. and {Gomes}, M. and {Gonz{\'a}lez-Marcos}, A. and
        {Gonz{\'a}lez-N{\'u}{\~n}ez}, J. and {Gonz{\'a}lez-Vidal}, J.~J.
        and {Granvik}, M. and {Guerrier}, A. and {Guillout}, P. and
        {Guiraud}, J. and {G{\'u}rpide}, A. and
        {Guti{\'e}rrez-S{\'a}nchez}, R. and {Guy}, L.~P. and {Haigron},
        R. and {Hatzidimitriou}, D. and {Haywood}, M. and {Heiter}, U.
        and {Helmi}, A. and {Hobbs}, D. and {Hofmann}, W. and {Holl}, B.
        and {Holland}, G. and {Hunt}, J.~A.~S. and {Hypki}, A. and
        {Icardi}, V. and {Irwin}, M. and {Jevardat de Fombelle}, G. and
        {Jofr{\'e}}, P. and {Jonker}, P.~G. and {Jorissen}, A. and
        {Julbe}, F. and {Karampelas}, A. and {Kochoska}, A. and
        {Kohley}, R. and {Kolenberg}, K. and {Kontizas}, E. and
        {Koposov}, S.~E. and {Kordopatis}, G. and {Koubsky}, P. and
        {Krone-Martins}, A. and {Kudryashova}, M. and {Kull}, I. and
        {Bachchan}, R.~K. and {Lacoste-Seris}, F. and {Lanza}, A.~F. and
        {Lavigne}, J. -B. and {Le Poncin-Lafitte}, C. and {Lebreton}, Y.
        and {Lebzelter}, T. and {Leccia}, S. and {Leclerc}, N. and
        {Lecoeur-Taibi}, I. and {Lemaitre}, V. and {Lenhardt}, H. and
        {Leroux}, F. and {Liao}, S. and {Licata}, E. and {Lindstr{\o}m},
        H.~E.~P. and {Lister}, T.~A. and {Livanou}, E. and {Lobel}, A.
        and {L{\"o}ffler}, W. and {L{\'o}pez}, M. and {Lorenz}, D. and
        {MacDonald}, I. and {Magalh{\~a}es Fernandes}, T. and {Managau},
        S. and {Mann}, R.~G. and {Mantelet}, G. and {Marchal}, O. and
        {Marchant}, J.~M. and {Marconi}, M. and {Marinoni}, S. and
        {Marrese}, P.~M. and {Marschalk{\'o}}, G. and {Marshall}, D.~J.
        and {Mart{\'\i}n-Fleitas}, J.~M. and {Martino}, M. and {Mary},
        N. and {Matijevi{\v{c}}}, G. and {Mazeh}, T. and {McMillan},
        P.~J. and {Messina}, S. and {Michalik}, D. and {Millar}, N.~R.
        and {Miranda}, B.~M.~H. and {Molina}, D. and {Molinaro}, R. and
        {Molinaro}, M. and {Moln{\'a}r}, L. and {Moniez}, M. and
        {Montegriffo}, P. and {Mor}, R. and {Mora}, A. and {Morbidelli},
        R. and {Morel}, T. and {Morgenthaler}, S. and {Morris}, D. and
        {Mulone}, A.~F. and {Muraveva}, T. and {Musella}, I. and
        {Narbonne}, J. and {Nelemans}, G. and {Nicastro}, L. and
        {Noval}, L. and {Ord{\'e}novic}, C. and {Ordieres-Mer{\'e}}, J.
        and {Osborne}, P. and {Pagani}, C. and {Pagano}, I. and
        {Pailler}, F. and {Palacin}, H. and {Palaversa}, L. and
        {Parsons}, P. and {Pecoraro}, M. and {Pedrosa}, R. and
        {Pentik{\"a}inen}, H. and {Pichon}, B. and {Piersimoni}, A.~M.
        and {Pineau}, F. -X. and {Plachy}, E. and {Plum}, G. and
        {Poujoulet}, E. and {Pr{\v{s}}a}, A. and {Pulone}, L. and
        {Ragaini}, S. and {Rago}, S. and {Rambaux}, N. and {Ramos-
        Lerate}, M. and {Ranalli}, P. and {Rauw}, G. and {Read}, A. and
        {Regibo}, S. and {Reyl{\'e}}, C. and {Ribeiro}, R.~A. and
        {Rimoldini}, L. and {Ripepi}, V. and {Riva}, A. and {Rixon}, G.
        and {Roelens}, M. and {Romero-G{\'o}mez}, M. and {Rowell}, N.
        and {Royer}, F. and {Ruiz-Dern}, L. and {Sadowski}, G. and
        {Sagrist{\`a} Sell{\'e}s}, T. and {Sahlmann}, J. and {Salgado},
        J. and {Salguero}, E. and {Sarasso}, M. and {Savietto}, H. and
        {Schultheis}, M. and {Sciacca}, E. and {Segol}, M. and
        {Segovia}, J.~C. and {Segransan}, D. and {Shih}, I. -C. and
        {Smareglia}, R. and {Smart}, R.~L. and {Solano}, E. and
        {Solitro}, F. and {Sordo}, R. and {Soria Nieto}, S. and
        {Souchay}, J. and {Spagna}, A. and {Spoto}, F. and {Stampa}, U.
        and {Steele}, I.~A. and {Steidelm{\"u}ller}, H. and
        {Stephenson}, C.~A. and {Stoev}, H. and {Suess}, F.~F. and
        {S{\"u}veges}, M. and {Surdej}, J. and {Szabados}, L. and
        {Szegedi-Elek}, E. and {Tapiador}, D. and {Taris}, F. and
        {Tauran}, G. and {Taylor}, M.~B. and {Teixeira}, R. and
        {Terrett}, D. and {Tingley}, B. and {Trager}, S.~C. and {Turon},
        C. and {Ulla}, A. and {Utrilla}, E. and {Valentini}, G. and {van
        Elteren}, A. and {Van Hemelryck}, E. and {vanLeeuwen}, M. and
        {Varadi}, M. and {Vecchiato}, A. and {Veljanoski}, J. and {Via},
        T. and {Vicente}, D. and {Vogt}, S. and {Voss}, H. and
        {Votruba}, V. and {Voutsinas}, S. and {Walmsley}, G. and
        {Weiler}, M. and {Weingrill}, K. and {Wevers}, T. and
        {Wyrzykowski}, {\L}. and {Yoldas}, A. and {{\v{Z}}erjal}, M. and
        {Zucker}, S. and {Zurbach}, C. and {Zwitter}, T. and {Alecu}, A.
        and {Allen}, M. and {Allende Prieto}, C. and {Amorim}, A. and
        {Anglada-Escud{\'e}}, G. and {Arsenijevic}, V. and {Azaz}, S.
        and {Balm}, P. and {Beck}, M. and {Bernstein}, H. -H. and
        {Bigot}, L. and {Bijaoui}, A. and {Blasco}, C. and {Bonfigli},
        M. and {Bono}, G. and {Boudreault}, S. and {Bressan}, A. and
        {Brown}, S. and {Brunet}, P. -M. and {Bunclark}, P. and
        {Buonanno}, R. and {Butkevich}, A.~G. and {Carret}, C. and
        {Carrion}, C. and {Chemin}, L. and {Ch{\'e}reau}, F. and
        {Corcione}, L. and {Darmigny}, E. and {de Boer}, K.~S. and {de
        Teodoro}, P. and {de Zeeuw}, P.~T. and {Delle Luche}, C. and
        {Domingues}, C.~D. and {Dubath}, P. and {Fodor}, F. and
        {Fr{\'e}zouls}, B. and {Fries}, A. and {Fustes}, D. and {Fyfe},
        D. and {Gallardo}, E. and {Gallegos}, J. and {Gardiol}, D. and
        {Gebran}, M. and {Gomboc}, A. and {G{\'o}mez}, A. and {Grux}, E.
        and {Gueguen}, A. and {Heyrovsky}, A. and {Hoar}, J. and
        {Iannicola}, G. and {Isasi Parache}, Y. and {Janotto}, A. -M.
        and {Joliet}, E. and {Jonckheere}, A. and {Keil}, R. and {Kim},
        D. -W. and {Klagyivik}, P. and {Klar}, J. and {Knude}, J. and
        {Kochukhov}, O. and {Kolka}, I. and {Kos}, J. and {Kutka}, A.
        and {Lainey}, V. and {LeBouquin}, D. and {Liu}, C. and
        {Loreggia}, D. and {Makarov}, V.~V. and {Marseille}, M.~G. and
        {Martayan}, C. and {Martinez-Rubi}, O. and {Massart}, B. and
        {Meynadier}, F. and {Mignot}, S. and {Munari}, U. and {Nguyen},
        A. -T. and {Nordlander}, T. and {O'Flaherty}, K.~S. and
        {Ocvirk}, P. and {Olias Sanz}, A. and {Ortiz}, P. and {Osorio},
        J. and {Oszkiewicz}, D. and {Ouzounis}, A. and {Palmer}, M. and
        {Park}, P. and {Pasquato}, E. and {Peltzer}, C. and {Peralta},
        J. and {P{\'e}turaud}, F. and {Pieniluoma}, T. and {Pigozzi}, E.
        and {Poels}, J. and {Prat}, G. and {Prod'homme}, T. and
        {Raison}, F. and {Rebordao}, J.~M. and {Risquez}, D. and {Rocca-
        Volmerange}, B. and {Rosen}, S. and {Ruiz-Fuertes}, M.~I. and
        {Russo}, F. and {Sembay}, S. and {Serraller Vizcaino}, I. and
        {Short}, A. and {Siebert}, A. and {Silva}, H. and
        {Sinachopoulos}, D. and {Slezak}, E. and {Soffel}, M. and
        {Sosnowska}, D. and {Strai{\v{z}}ys}, V. and {ter Linden}, M.
        and {Terrell}, D. and {Theil}, S. and {Tiede}, C. and {Troisi},
        L. and {Tsalmantza}, P. and {Tur}, D. and {Vaccari}, M. and
        {Vachier}, F. and {Valles}, P. and {Van Hamme}, W. and {Veltz},
        L. and {Virtanen}, J. and {Wallut}, J. -M. and {Wichmann}, R.
        and {Wilkinson}, M.~I. and {Ziaeepour}, H. and {Zschocke}, S.},
        title = "{Gaia Data Release 1. Open cluster astrometry: performance, limitations,
        and future prospects}",
      journal = {\aap},
     keywords = {astrometry, open clusters and associations: general},
         year = 2017,
        month = May,
       volume = {601},
          eid = {A19},
        pages = {A19},
          doi = {10.1051/0004-6361/201730552},
       adsurl = {https://ui.adsabs.harvard.edu/#abs/2017A&A...601A..19G},
      adsnote = {Provided by the SAO/NASA Astrophysics Data System}
}


@ARTICLE{2017A&A...601A..19G,
       author = {{Gaia Collaboration} and {van Leeuwen}, F. and {Vallenari}, A. and
        {Jordi}, C. and {Lindegren}, L. and {Bastian}, U. and {Prusti},
        T. and {de Bruijne}, J.~H.~J. and {Brown}, A.~G.~A. and
        {Babusiaux}, C. and {Bailer-Jones}, C.~A.~L. and {Biermann}, M.
        and {Evans}, D.~W. and {Eyer}, L. and {Jansen}, F. and
        {Klioner}, S.~A. and {Lammers}, U. and {Luri}, X. and {Mignard},
        F. and {Panem}, C. and {Pourbaix}, D. and {Randich}, S. and
        {Sartoretti}, P. and {Siddiqui}, H.~I. and {Soubiran}, C. and
        {Valette}, V. and {Walton}, N.~A. and {Aerts}, C. and {Arenou},
        F. and {Cropper}, M. and {Drimmel}, R. and {H{\o}g}, E. and
        {Katz}, D. and {Lattanzi}, M.~G. and {O'Mullane}, W. and
        {Grebel}, E.~K. and {Holland}, A.~D. and {Huc}, C. and {Passot},
        X. and {Perryman}, M. and {Bramante}, L. and {Cacciari}, C. and
        {Casta{\~n}eda}, J. and {Chaoul}, L. and {Cheek}, N. and {De
        Angeli}, F. and {Fabricius}, C. and {Guerra}, R. and
        {Hern{\'a}ndez}, J. and {Jean-Antoine-Piccolo}, A. and {Masana},
        E. and {Messineo}, R. and {Mowlavi}, N. and {Nienartowicz}, K.
        and {Ord{\'o}{\~n}ez-Blanco}, D. and {Panuzzo}, P. and
        {Portell}, J. and {Richards}, P.~J. and {Riello}, M. and
        {Seabroke}, G.~M. and {Tanga}, P. and {Th{\'e}venin}, F. and
        {Torra}, J. and {Els}, S.~G. and {Gracia-Abril}, G. and
        {Comoretto}, G. and {Garcia-Reinaldos}, M. and {Lock}, T. and
        {Mercier}, E. and {Altmann}, M. and {Andrae}, R. and
        {Astraatmadja}, T.~L. and {Bellas-Velidis}, I. and {Benson}, K.
        and {Berthier}, J. and {Blomme}, R. and {Busso}, G. and {Carry},
        B. and {Cellino}, A. and {Clementini}, G. and {Cowell}, S. and
        {Creevey}, O. and {Cuypers}, J. and {Davidson}, M. and {De
        Ridder}, J. and {de Torres}, A. and {Delchambre}, L. and
        {Dell'Oro}, A. and {Ducourant}, C. and {Fr{\'e}mat}, Y. and
        {Garc{\'\i}a-Torres}, M. and {Gosset}, E. and {Halbwachs}, J.
        -L. and {Hambly}, N.~C. and {Harrison}, D.~L. and {Hauser}, M.
        and {Hestroffer}, D. and {Hodgkin}, S.~T. and {Huckle}, H.~E.
        and {Hutton}, A. and {Jasniewicz}, G. and {Jordan}, S. and
        {Kontizas}, M. and {Korn}, A.~J. and {Lanzafame}, A.~C. and
        {Manteiga}, M. and {Moitinho}, A. and {Muinonen}, K. and
        {Osinde}, J. and {Pancino}, E. and {Pauwels}, T. and {Petit}, J.
        -M. and {Recio-Blanco}, A. and {Robin}, A.~C. and {Sarro}, L.~M.
        and {Siopis}, C. and {Smith}, M. and {Smith}, K.~W. and
        {Sozzetti}, A. and {Thuillot}, W. and {van Reeven}, W. and
        {Viala}, Y. and {Abbas}, U. and {Abreu Aramburu}, A. and
        {Accart}, S. and {Aguado}, J.~J. and {Allan}, P.~M. and
        {Allasia}, W. and {Altavilla}, G. and {{\'A}lvarez}, M.~A. and
        {Alves}, J. and {Anderson}, R.~I. and {Andrei}, A.~H. and
        {Anglada Varela}, E. and {Antiche}, E. and {Antoja}, T. and
        {Ant{\'o}n}, S. and {Arcay}, B. and {Bach}, N. and {Baker},
        S.~G. and {Balaguer-N{\'u}{\~n}ez}, L. and {Barache}, C. and
        {Barata}, C. and {Barbier}, A. and {Barblan}, F. and {Barrado y
        Navascu{\'e}s}, D. and {Barros}, M. and {Barstow}, M.~A. and
        {Becciani}, U. and {Bellazzini}, M. and {Bello Garc{\'\i}a}, A.
        and {Belokurov}, V. and {Bendjoya}, P. and {Berihuete}, A. and
        {Bianchi}, L. and {Bienaym{\'e}}, O. and {Billebaud}, F. and
        {Blagorodnova}, N. and {Blanco-Cuaresma}, S. and {Boch}, T. and
        {Bombrun}, A. and {Borrachero}, R. and {Bouquillon}, S. and
        {Bourda}, G. and {Bouy}, H. and {Bragaglia}, A. and {Breddels},
        M.~A. and {Brouillet}, N. and {Br{\"u}semeister}, T. and
        {Bucciarelli}, B. and {Burgess}, P. and {Burgon}, R. and
        {Burlacu}, A. and {Busonero}, D. and {Buzzi}, R. and {Caffau},
        E. and {Cambras}, J. and {Campbell}, H. and {Cancelliere}, R.
        and {Cantat-Gaudin}, T. and {Carlucci}, T. and {Carrasco}, J.~M.
        and {Castellani}, M. and {Charlot}, P. and {Charnas}, J. and
        {Chiavassa}, A. and {Clotet}, M. and {Cocozza}, G. and
        {Collins}, R.~S. and {Costigan}, G. and {Crifo}, F. and {Cross},
        N.~J.~G. and {Crosta}, M. and {Crowley}, C. and {Dafonte}, C.
        and {Damerdji}, Y. and {Dapergolas}, A. and {David}, P. and
        {David}, M. and {De Cat}, P. and {de Felice}, F. and {de
        Laverny}, P. and {De Luise}, F. and {De March}, R. and {de
        Martino}, D. and {de Souza}, R. and {Debosscher}, J. and {del
        Pozo}, E. and {Delbo}, M. and {Delgado}, A. and {Delgado}, H.~E.
        and {Di Matteo}, P. and {Diakite}, S. and {Distefano}, E. and
        {Dolding}, C. and {Dos Anjos}, S. and {Drazinos}, P. and
        {Dur{\'a}n}, J. and {Dzigan}, Y. and {Edvardsson}, B. and
        {Enke}, H. and {Evans}, N.~W. and {Eynard Bontemps}, G. and
        {Fabre}, C. and {Fabrizio}, M. and {Faigler}, S. and
        {Falc{\~a}o}, A.~J. and {Farr{\`a}s Casas}, M. and {Federici},
        L. and {Fedorets}, G. and {Fern{\'a}ndez-Hern{\'a}ndez}, J. and
        {Fernique}, P. and {Fienga}, A. and {Figueras}, F. and
        {Filippi}, F. and {Findeisen}, K. and {Fonti}, A. and
        {Fouesneau}, M. and {Fraile}, E. and {Fraser}, M. and {Fuchs},
        J. and {Gai}, M. and {Galleti}, S. and {Galluccio}, L. and
        {Garabato}, D. and {Garc{\'\i}a-Sedano}, F. and {Garofalo}, A.
        and {Garralda}, N. and {Gavras}, P. and {Gerssen}, J. and
        {Geyer}, R. and {Gilmore}, G. and {Girona}, S. and {Giuffrida},
        G. and {Gomes}, M. and {Gonz{\'a}lez-Marcos}, A. and
        {Gonz{\'a}lez-N{\'u}{\~n}ez}, J. and {Gonz{\'a}lez-Vidal}, J.~J.
        and {Granvik}, M. and {Guerrier}, A. and {Guillout}, P. and
        {Guiraud}, J. and {G{\'u}rpide}, A. and
        {Guti{\'e}rrez-S{\'a}nchez}, R. and {Guy}, L.~P. and {Haigron},
        R. and {Hatzidimitriou}, D. and {Haywood}, M. and {Heiter}, U.
        and {Helmi}, A. and {Hobbs}, D. and {Hofmann}, W. and {Holl}, B.
        and {Holland}, G. and {Hunt}, J.~A.~S. and {Hypki}, A. and
        {Icardi}, V. and {Irwin}, M. and {Jevardat de Fombelle}, G. and
        {Jofr{\'e}}, P. and {Jonker}, P.~G. and {Jorissen}, A. and
        {Julbe}, F. and {Karampelas}, A. and {Kochoska}, A. and
        {Kohley}, R. and {Kolenberg}, K. and {Kontizas}, E. and
        {Koposov}, S.~E. and {Kordopatis}, G. and {Koubsky}, P. and
        {Krone-Martins}, A. and {Kudryashova}, M. and {Kull}, I. and
        {Bachchan}, R.~K. and {Lacoste-Seris}, F. and {Lanza}, A.~F. and
        {Lavigne}, J. -B. and {Le Poncin-Lafitte}, C. and {Lebreton}, Y.
        and {Lebzelter}, T. and {Leccia}, S. and {Leclerc}, N. and
        {Lecoeur-Taibi}, I. and {Lemaitre}, V. and {Lenhardt}, H. and
        {Leroux}, F. and {Liao}, S. and {Licata}, E. and {Lindstr{\o}m},
        H.~E.~P. and {Lister}, T.~A. and {Livanou}, E. and {Lobel}, A.
        and {L{\"o}ffler}, W. and {L{\'o}pez}, M. and {Lorenz}, D. and
        {MacDonald}, I. and {Magalh{\~a}es Fernandes}, T. and {Managau},
        S. and {Mann}, R.~G. and {Mantelet}, G. and {Marchal}, O. and
        {Marchant}, J.~M. and {Marconi}, M. and {Marinoni}, S. and
        {Marrese}, P.~M. and {Marschalk{\'o}}, G. and {Marshall}, D.~J.
        and {Mart{\'\i}n-Fleitas}, J.~M. and {Martino}, M. and {Mary},
        N. and {Matijevi{\v{c}}}, G. and {Mazeh}, T. and {McMillan},
        P.~J. and {Messina}, S. and {Michalik}, D. and {Millar}, N.~R.
        and {Miranda}, B.~M.~H. and {Molina}, D. and {Molinaro}, R. and
        {Molinaro}, M. and {Moln{\'a}r}, L. and {Moniez}, M. and
        {Montegriffo}, P. and {Mor}, R. and {Mora}, A. and {Morbidelli},
        R. and {Morel}, T. and {Morgenthaler}, S. and {Morris}, D. and
        {Mulone}, A.~F. and {Muraveva}, T. and {Musella}, I. and
        {Narbonne}, J. and {Nelemans}, G. and {Nicastro}, L. and
        {Noval}, L. and {Ord{\'e}novic}, C. and {Ordieres-Mer{\'e}}, J.
        and {Osborne}, P. and {Pagani}, C. and {Pagano}, I. and
        {Pailler}, F. and {Palacin}, H. and {Palaversa}, L. and
        {Parsons}, P. and {Pecoraro}, M. and {Pedrosa}, R. and
        {Pentik{\"a}inen}, H. and {Pichon}, B. and {Piersimoni}, A.~M.
        and {Pineau}, F. -X. and {Plachy}, E. and {Plum}, G. and
        {Poujoulet}, E. and {Pr{\v{s}}a}, A. and {Pulone}, L. and
        {Ragaini}, S. and {Rago}, S. and {Rambaux}, N. and {Ramos-
        Lerate}, M. and {Ranalli}, P. and {Rauw}, G. and {Read}, A. and
        {Regibo}, S. and {Reyl{\'e}}, C. and {Ribeiro}, R.~A. and
        {Rimoldini}, L. and {Ripepi}, V. and {Riva}, A. and {Rixon}, G.
        and {Roelens}, M. and {Romero-G{\'o}mez}, M. and {Rowell}, N.
        and {Royer}, F. and {Ruiz-Dern}, L. and {Sadowski}, G. and
        {Sagrist{\`a} Sell{\'e}s}, T. and {Sahlmann}, J. and {Salgado},
        J. and {Salguero}, E. and {Sarasso}, M. and {Savietto}, H. and
        {Schultheis}, M. and {Sciacca}, E. and {Segol}, M. and
        {Segovia}, J.~C. and {Segransan}, D. and {Shih}, I. -C. and
        {Smareglia}, R. and {Smart}, R.~L. and {Solano}, E. and
        {Solitro}, F. and {Sordo}, R. and {Soria Nieto}, S. and
        {Souchay}, J. and {Spagna}, A. and {Spoto}, F. and {Stampa}, U.
        and {Steele}, I.~A. and {Steidelm{\"u}ller}, H. and
        {Stephenson}, C.~A. and {Stoev}, H. and {Suess}, F.~F. and
        {S{\"u}veges}, M. and {Surdej}, J. and {Szabados}, L. and
        {Szegedi-Elek}, E. and {Tapiador}, D. and {Taris}, F. and
        {Tauran}, G. and {Taylor}, M.~B. and {Teixeira}, R. and
        {Terrett}, D. and {Tingley}, B. and {Trager}, S.~C. and {Turon},
        C. and {Ulla}, A. and {Utrilla}, E. and {Valentini}, G. and {van
        Elteren}, A. and {Van Hemelryck}, E. and {vanLeeuwen}, M. and
        {Varadi}, M. and {Vecchiato}, A. and {Veljanoski}, J. and {Via},
        T. and {Vicente}, D. and {Vogt}, S. and {Voss}, H. and
        {Votruba}, V. and {Voutsinas}, S. and {Walmsley}, G. and
        {Weiler}, M. and {Weingrill}, K. and {Wevers}, T. and
        {Wyrzykowski}, {\L}. and {Yoldas}, A. and {{\v{Z}}erjal}, M. and
        {Zucker}, S. and {Zurbach}, C. and {Zwitter}, T. and {Alecu}, A.
        and {Allen}, M. and {Allende Prieto}, C. and {Amorim}, A. and
        {Anglada-Escud{\'e}}, G. and {Arsenijevic}, V. and {Azaz}, S.
        and {Balm}, P. and {Beck}, M. and {Bernstein}, H. -H. and
        {Bigot}, L. and {Bijaoui}, A. and {Blasco}, C. and {Bonfigli},
        M. and {Bono}, G. and {Boudreault}, S. and {Bressan}, A. and
        {Brown}, S. and {Brunet}, P. -M. and {Bunclark}, P. and
        {Buonanno}, R. and {Butkevich}, A.~G. and {Carret}, C. and
        {Carrion}, C. and {Chemin}, L. and {Ch{\'e}reau}, F. and
        {Corcione}, L. and {Darmigny}, E. and {de Boer}, K.~S. and {de
        Teodoro}, P. and {de Zeeuw}, P.~T. and {Delle Luche}, C. and
        {Domingues}, C.~D. and {Dubath}, P. and {Fodor}, F. and
        {Fr{\'e}zouls}, B. and {Fries}, A. and {Fustes}, D. and {Fyfe},
        D. and {Gallardo}, E. and {Gallegos}, J. and {Gardiol}, D. and
        {Gebran}, M. and {Gomboc}, A. and {G{\'o}mez}, A. and {Grux}, E.
        and {Gueguen}, A. and {Heyrovsky}, A. and {Hoar}, J. and
        {Iannicola}, G. and {Isasi Parache}, Y. and {Janotto}, A. -M.
        and {Joliet}, E. and {Jonckheere}, A. and {Keil}, R. and {Kim},
        D. -W. and {Klagyivik}, P. and {Klar}, J. and {Knude}, J. and
        {Kochukhov}, O. and {Kolka}, I. and {Kos}, J. and {Kutka}, A.
        and {Lainey}, V. and {LeBouquin}, D. and {Liu}, C. and
        {Loreggia}, D. and {Makarov}, V.~V. and {Marseille}, M.~G. and
        {Martayan}, C. and {Martinez-Rubi}, O. and {Massart}, B. and
        {Meynadier}, F. and {Mignot}, S. and {Munari}, U. and {Nguyen},
        A. -T. and {Nordlander}, T. and {O'Flaherty}, K.~S. and
        {Ocvirk}, P. and {Olias Sanz}, A. and {Ortiz}, P. and {Osorio},
        J. and {Oszkiewicz}, D. and {Ouzounis}, A. and {Palmer}, M. and
        {Park}, P. and {Pasquato}, E. and {Peltzer}, C. and {Peralta},
        J. and {P{\'e}turaud}, F. and {Pieniluoma}, T. and {Pigozzi}, E.
        and {Poels}, J. and {Prat}, G. and {Prod'homme}, T. and
        {Raison}, F. and {Rebordao}, J.~M. and {Risquez}, D. and {Rocca-
        Volmerange}, B. and {Rosen}, S. and {Ruiz-Fuertes}, M.~I. and
        {Russo}, F. and {Sembay}, S. and {Serraller Vizcaino}, I. and
        {Short}, A. and {Siebert}, A. and {Silva}, H. and
        {Sinachopoulos}, D. and {Slezak}, E. and {Soffel}, M. and
        {Sosnowska}, D. and {Strai{\v{z}}ys}, V. and {ter Linden}, M.
        and {Terrell}, D. and {Theil}, S. and {Tiede}, C. and {Troisi},
        L. and {Tsalmantza}, P. and {Tur}, D. and {Vaccari}, M. and
        {Vachier}, F. and {Valles}, P. and {Van Hamme}, W. and {Veltz},
        L. and {Virtanen}, J. and {Wallut}, J. -M. and {Wichmann}, R.
        and {Wilkinson}, M.~I. and {Ziaeepour}, H. and {Zschocke}, S.},
        title = "{Gaia Data Release 1. Open cluster astrometry: performance, limitations,
        and future prospects}",
      journal = {\aap},
     keywords = {astrometry, open clusters and associations: general},
         year = 2017,
        month = May,
       volume = {601},
          eid = {A19},
        pages = {A19},
          doi = {10.1051/0004-6361/201730552},
       adsurl = {https://ui.adsabs.harvard.edu/#abs/2017A&A...601A..19G},
      adsnote = {Provided by the SAO/NASA Astrophysics Data System}
}



@ARTICLE{Randich18,
       author = {{Randich}, S. and {Tognelli}, E. and {Jackson}, R. and {Jeffries}, R.~D.
        and {Degl'Innocenti}, S. and {Pancino}, E. and {Re Fiorentin},
        P. and {Spagna}, A. and {Sacco}, G. and {Bragaglia}, A. and
        {Magrini}, L. and {Prada Moroni}, P.~G. and {Alfaro}, E. and
        {Franciosini}, E. and {Morbidelli}, L. and {Roccatagliata}, V.
        and {Bouy}, H. and {Bravi}, L. and {Jim{\'e}nez-Esteban}, F.~M.
        and {Jordi}, C. and {Zari}, E. and {Tautvai{\v{s}}iene}, G. and
        {Drazdauskas}, A. and {Mikolaitis}, S. and {Gilmore}, G. and
        {Feltzing}, S. and {Vallenari}, A. and {Bensby}, T. and
        {Koposov}, S. and {Korn}, A. and {Lanzafame}, A. and
        {Smiljanic}, R. and {Bayo}, A. and {Carraro}, G. and {Costado},
        M.~T. and {Heiter}, U. and {Hourihane}, A. and {Jofr{\'e}}, P.
        and {Lewis}, J. and {Monaco}, L. and {Prisinzano}, L. and
        {Sbordone}, L. and {Sousa}, S.~G. and {Worley}, C.~C. and
        {Zaggia}, S.},
        title = "{The Gaia-ESO Survey: open clusters in Gaia-DR1 . A way forward to
        stellar age calibration}",
      journal = {\aap},
     keywords = {parallaxes - surveys - stars: evolution - open clusters and
        associations: general},
         year = 2018,
        month = May,
       volume = {612},
          eid = {A99},
        pages = {A99},
          doi = {10.1051/0004-6361/201731738},
       adsurl = {https://ui.adsabs.harvard.edu/#abs/2018A&A...612A..99R},
      adsnote = {Provided by the SAO/NASA Astrophysics Data System}
}




@ARTICLE{Brown18,
       author = {{Gaia Collaboration} and {Brown}, A.~G.~A. and {Vallenari}, A. and
        {Prusti}, T. and {de Bruijne}, J.~H.~J. and {Babusiaux}, C. and
        {Bailer-Jones}, C.~A.~L.},
        title = "{Gaia Data Release 2. Summary of the contents and survey properties}",
      journal = {ArXiv e-prints},
     keywords = {Astrophysics - Astrophysics of Galaxies, Astrophysics - Instrumentation
        and Methods for Astrophysics},
         year = 2018,
        month = Apr,
          eid = {arXiv:1804.09365},
        pages = {arXiv:1804.09365},
archivePrefix = {arXiv},
       eprint = {1804.09365},
       adsurl = {https://ui.adsabs.harvard.edu/#abs/2018arXiv180409365G},
      adsnote = {Provided by the SAO/NASA Astrophysics Data System}
}

@ARTICLE{Lindegren18,
       author = {{Lindegren}, L. and {Hernandez}, J. and {Bombrun}, A. and {Klioner}, S.
        and {Bastian}, U. and {Ramos-Lerate}, M. and {de Torres}, A. and
        {Steidelmuller}, H. and {Stephenson}, C. and {Hobbs}, D. and
        {Lammers}, U. and {Biermann}, M. and {Geyer}, R. and {Hilger},
        T. and {Michalik}, D. and {Stampa}, U. and {McMillan}, P.~J. and
        {Castaneda}, J. and {Clotet}, M. and {Comoretto}, G. and
        {Davidson}, M. and {Fabricius}, C. and {Gracia}, G. and
        {Hambly}, N.~C. and {Hutton}, A. and {Mora}, A. and {Portell},
        J. and {van Leeuwen}, F. and {Abbas}, U. and {Abreu}, A. and
        {Altmann}, M. and {Andrei}, A. and {Anglada}, E. and {Balaguer-
        Nunez}, L. and {Barache}, C. and {Becciani}, U. and {Bertone},
        S. and {Bianchi}, L. and {Bouquillon}, S. and {Bourda}, G. and
        {Brusemeister}, T. and {Bucciarelli}, B. and {Busonero}, D. and
        {Buzzi}, R. and {Cancelliere}, R. and {Carlucci}, T. and
        {Charlot}, P. and {Cheek}, N. and {Crosta}, M. and {Crowley}, C.
        and {de Bruijne}, J. and {de Felice}, F. and {Drimmel}, R. and
        {Esquej}, P. and {Fienga}, A. and {Fraile}, E. and {Gai}, M. and
        {Garralda}, N. and {Gonzalez-Vidal}, J.~J. and {Guerra}, R. and
        {Hauser}, M. and {Hofmann}, W. and {Holl}, B. and {Jordan}, S.
        and {Lattanzi}, M.~G. and {Lenhardt}, H. and {Liao}, S. and
        {Licata}, E. and {Lister}, T. and {Loffler}, W. and {Marchant},
        J. and {Martin-Fleitas}, J. -M. and {Messineo}, R. and
        {Mignard}, F. and {Morbidelli}, R. and {Poggio}, E. and {Riva},
        A. and {Rowell}, N. and {Salguero}, E. and {Sarasso}, M. and
        {Sciacca}, E. and {Siddiqui}, H. and {Smart}, R.~L. and
        {Spagna}, A. and {Steele}, I. and {Taris}, F. and {Torra}, J.
        and {van Elteren}, A. and {van Reeven}, W. and {Vecchiato}, A.},
        title = "{Gaia Data Release 2: The astrometric solution}",
      journal = {ArXiv e-prints},
     keywords = {Astrophysics - Instrumentation and Methods for Astrophysics},
         year = 2018,
        month = Apr,
          eid = {arXiv:1804.09366},
        pages = {arXiv:1804.09366},
archivePrefix = {arXiv},
       eprint = {1804.09366},
       adsurl = {https://ui.adsabs.harvard.edu/#abs/2018arXiv180409366L},
      adsnote = {Provided by the SAO/NASA Astrophysics Data System}
}



@ARTICLE{Skrutskie06,
       author = {{Skrutskie}, M.~F. and {Cutri}, R.~M. and {Stiening}, R. and {Weinberg},
        M.~D. and {Schneider}, S. and {Carpenter}, J.~M. and {Beichman},
        C. and {Capps}, R. and {Chester}, T. and {Elias}, J. and
        {Huchra}, J. and {Liebert}, J. and {Lonsdale}, C. and {Monet},
        D.~G. and {Price}, S. and {Seitzer}, P. and {Jarrett}, T. and
        {Kirkpatrick}, J.~D. and {Gizis}, J.~E. and {Howard}, E. and
        {Evans}, T. and {Fowler}, J. and {Fullmer}, L. and {Hurt}, R.
        and {Light}, R. and {Kopan}, E.~L. and {Marsh}, K.~A. and
        {McCallon}, H.~L. and {Tam}, R. and {Van Dyk}, S. and
        {Wheelock}, S.},
        title = "{The Two Micron All Sky Survey (2MASS)}",
      journal = {\aj},
     keywords = {Catalogs, Infrared: General, Surveys},
         year = 2006,
        month = Feb,
       volume = {131},
        pages = {1163-1183},
          doi = {10.1086/498708},
       adsurl = {https://ui.adsabs.harvard.edu/#abs/2006AJ....131.1163S},
      adsnote = {Provided by the SAO/NASA Astrophysics Data System}
}



@ARTICLE{Brown16,
       author = {{Gaia Collaboration} and {Brown}, A.~G.~A. and {Vallenari}, A. and
        {Prusti}, T. and {de Bruijne}, J.~H.~J. and {Mignard}, F. and
        {Drimmel}, R. and {Babusiaux}, C. and {Bailer-Jones}, C.~A.~L.
        and {Bastian}, U. and {Biermann}, M. and {Evans}, D.~W. and
        {Eyer}, L. and {Jansen}, F. and {Jordi}, C. and {Katz}, D. and
        {Klioner}, S.~A. and {Lammers}, U. and {Lindegren}, L. and
        {Luri}, X. and {O'Mullane}, W. and {Panem}, C. and {Pourbaix},
        D. and {Randich}, S. and {Sartoretti}, P. and {Siddiqui}, H.~I.
        and {Soubiran}, C. and {Valette}, V. and {van Leeuwen}, F. and
        {Walton}, N.~A. and {Aerts}, C. and {Arenou}, F. and {Cropper},
        M. and {H{\o}g}, E. and {Lattanzi}, M.~G. and {Grebel}, E.~K.
        and {Holland}, A.~D. and {Huc}, C. and {Passot}, X. and
        {Perryman}, M. and {Bramante}, L. and {Cacciari}, C. and
        {Casta{\~n}eda}, J. and {Chaoul}, L. and {Cheek}, N. and {De
        Angeli}, F. and {Fabricius}, C. and {Guerra}, R. and
        {Hern{\'a}ndez}, J. and {Jean-Antoine-Piccolo}, A. and {Masana},
        E. and {Messineo}, R. and {Mowlavi}, N. and {Nienartowicz}, K.
        and {Ord{\'o}{\~n}ez-Blanco}, D. and {Panuzzo}, P. and
        {Portell}, J. and {Richards}, P.~J. and {Riello}, M. and
        {Seabroke}, G.~M. and {Tanga}, P. and {Th{\'e}venin}, F. and
        {Torra}, J. and {Els}, S.~G. and {Gracia-Abril}, G. and
        {Comoretto}, G. and {Garcia-Reinaldos}, M. and {Lock}, T. and
        {Mercier}, E. and {Altmann}, M. and {Andrae}, R. and
        {Astraatmadja}, T.~L. and {Bellas-Velidis}, I. and {Benson}, K.
        and {Berthier}, J. and {Blomme}, R. and {Busso}, G. and {Carry},
        B. and {Cellino}, A. and {Clementini}, G. and {Cowell}, S. and
        {Creevey}, O. and {Cuypers}, J. and {Davidson}, M. and {De
        Ridder}, J. and {de Torres}, A. and {Delchambre}, L. and
        {Dell'Oro}, A. and {Ducourant}, C. and {Fr{\'e}mat}, Y. and
        {Garc{\'\i}a-Torres}, M. and {Gosset}, E. and {Halbwachs}, J.
        -L. and {Hambly}, N.~C. and {Harrison}, D.~L. and {Hauser}, M.
        and {Hestroffer}, D. and {Hodgkin}, S.~T. and {Huckle}, H.~E.
        and {Hutton}, A. and {Jasniewicz}, G. and {Jordan}, S. and
        {Kontizas}, M. and {Korn}, A.~J. and {Lanzafame}, A.~C. and
        {Manteiga}, M. and {Moitinho}, A. and {Muinonen}, K. and
        {Osinde}, J. and {Pancino}, E. and {Pauwels}, T. and {Petit}, J.
        -M. and {Recio-Blanco}, A. and {Robin}, A.~C. and {Sarro}, L.~M.
        and {Siopis}, C. and {Smith}, M. and {Smith}, K.~W. and
        {Sozzetti}, A. and {Thuillot}, W. and {van Reeven}, W. and
        {Viala}, Y. and {Abbas}, U. and {Abreu Aramburu}, A. and
        {Accart}, S. and {Aguado}, J.~J. and {Allan}, P.~M. and
        {Allasia}, W. and {Altavilla}, G. and {{\'A}lvarez}, M.~A. and
        {Alves}, J. and {Anderson}, R.~I. and {Andrei}, A.~H. and
        {Anglada Varela}, E. and {Antiche}, E. and {Antoja}, T. and
        {Ant{\'o}n}, S. and {Arcay}, B. and {Bach}, N. and {Baker},
        S.~G. and {Balaguer-N{\'u}{\~n}ez}, L. and {Barache}, C. and
        {Barata}, C. and {Barbier}, A. and {Barblan}, F. and {Barrado y
        Navascu{\'e}s}, D. and {Barros}, M. and {Barstow}, M.~A. and
        {Becciani}, U. and {Bellazzini}, M. and {Bello Garc{\'\i}a}, A.
        and {Belokurov}, V. and {Bendjoya}, P. and {Berihuete}, A. and
        {Bianchi}, L. and {Bienaym{\'e}}, O. and {Billebaud}, F. and
        {Blagorodnova}, N. and {Blanco-Cuaresma}, S. and {Boch}, T. and
        {Bombrun}, A. and {Borrachero}, R. and {Bouquillon}, S. and
        {Bourda}, G. and {Bouy}, H. and {Bragaglia}, A. and {Breddels},
        M.~A. and {Brouillet}, N. and {Br{\"u}semeister}, T. and
        {Bucciarelli}, B. and {Burgess}, P. and {Burgon}, R. and
        {Burlacu}, A. and {Busonero}, D. and {Buzzi}, R. and {Caffau},
        E. and {Cambras}, J. and {Campbell}, H. and {Cancelliere}, R.
        and {Cantat-Gaudin}, T. and {Carlucci}, T. and {Carrasco}, J.~M.
        and {Castellani}, M. and {Charlot}, P. and {Charnas}, J. and
        {Chiavassa}, A. and {Clotet}, M. and {Cocozza}, G. and
        {Collins}, R.~S. and {Costigan}, G. and {Crifo}, F. and {Cross},
        N.~J.~G. and {Crosta}, M. and {Crowley}, C. and {Dafonte}, C.
        and {Damerdji}, Y. and {Dapergolas}, A. and {David}, P. and
        {David}, M. and {De Cat}, P. and {de Felice}, F. and {de
        Laverny}, P. and {De Luise}, F. and {De March}, R. and {de
        Martino}, D. and {de Souza}, R. and {Debosscher}, J. and {del
        Pozo}, E. and {Delbo}, M. and {Delgado}, A. and {Delgado}, H.~E.
        and {Di Matteo}, P. and {Diakite}, S. and {Distefano}, E. and
        {Dolding}, C. and {Dos Anjos}, S. and {Drazinos}, P. and
        {Duran}, J. and {Dzigan}, Y. and {Edvardsson}, B. and {Enke}, H.
        and {Evans}, N.~W. and {Eynard Bontemps}, G. and {Fabre}, C. and
        {Fabrizio}, M. and {Faigler}, S. and {Falc{\~a}o}, A.~J. and
        {Farr{\`a}s Casas}, M. and {Federici}, L. and {Fedorets}, G. and
        {Fern{\'a}ndez-Hern{\'a}ndez}, J. and {Fernique}, P. and
        {Fienga}, A. and {Figueras}, F. and {Filippi}, F. and
        {Findeisen}, K. and {Fonti}, A. and {Fouesneau}, M. and
        {Fraile}, E. and {Fraser}, M. and {Fuchs}, J. and {Gai}, M. and
        {Galleti}, S. and {Galluccio}, L. and {Garabato}, D. and
        {Garc{\'\i}a-Sedano}, F. and {Garofalo}, A. and {Garralda}, N.
        and {Gavras}, P. and {Gerssen}, J. and {Geyer}, R. and
        {Gilmore}, G. and {Girona}, S. and {Giuffrida}, G. and {Gomes},
        M. and {Gonz{\'a}lez-Marcos}, A. and
        {Gonz{\'a}lez-N{\'u}{\~n}ez}, J. and {Gonz{\'a}lez-Vidal}, J.~J.
        and {Granvik}, M. and {Guerrier}, A. and {Guillout}, P. and
        {Guiraud}, J. and {G{\'u}rpide}, A. and
        {Guti{\'e}rrez-S{\'a}nchez}, R. and {Guy}, L.~P. and {Haigron},
        R. and {Hatzidimitriou}, D. and {Haywood}, M. and {Heiter}, U.
        and {Helmi}, A. and {Hobbs}, D. and {Hofmann}, W. and {Holl}, B.
        and {Holland}, G. and {Hunt}, J.~A.~S. and {Hypki}, A. and
        {Icardi}, V. and {Irwin}, M. and {Jevardat de Fombelle}, G. and
        {Jofr{\'e}}, P. and {Jonker}, P.~G. and {Jorissen}, A. and
        {Julbe}, F. and {Karampelas}, A. and {Kochoska}, A. and
        {Kohley}, R. and {Kolenberg}, K. and {Kontizas}, E. and
        {Koposov}, S.~E. and {Kordopatis}, G. and {Koubsky}, P. and
        {Krone-Martins}, A. and {Kudryashova}, M. and {Kull}, I. and
        {Bachchan}, R.~K. and {Lacoste-Seris}, F. and {Lanza}, A.~F. and
        {Lavigne}, J. -B. and {Le Poncin-Lafitte}, C. and {Lebreton}, Y.
        and {Lebzelter}, T. and {Leccia}, S. and {Leclerc}, N. and
        {Lecoeur-Taibi}, I. and {Lemaitre}, V. and {Lenhardt}, H. and
        {Leroux}, F. and {Liao}, S. and {Licata}, E. and {Lindstr{\o}m},
        H.~E.~P. and {Lister}, T.~A. and {Livanou}, E. and {Lobel}, A.
        and {L{\"o}ffler}, W. and {L{\'o}pez}, M. and {Lorenz}, D. and
        {MacDonald}, I. and {Magalh{\~a}es Fernandes}, T. and {Managau},
        S. and {Mann}, R.~G. and {Mantelet}, G. and {Marchal}, O. and
        {Marchant}, J.~M. and {Marconi}, M. and {Marinoni}, S. and
        {Marrese}, P.~M. and {Marschalk{\'o}}, G. and {Marshall}, D.~J.
        and {Mart{\'\i}n-Fleitas}, J.~M. and {Martino}, M. and {Mary},
        N. and {Matijevi{\v{c}}}, G. and {Mazeh}, T. and {McMillan},
        P.~J. and {Messina}, S. and {Michalik}, D. and {Millar}, N.~R.
        and {Miranda}, B.~M.~H. and {Molina}, D. and {Molinaro}, R. and
        {Molinaro}, M. and {Moln{\'a}r}, L. and {Moniez}, M. and
        {Montegriffo}, P. and {Mor}, R. and {Mora}, A. and {Morbidelli},
        R. and {Morel}, T. and {Morgenthaler}, S. and {Morris}, D. and
        {Mulone}, A.~F. and {Muraveva}, T. and {Musella}, I. and
        {Narbonne}, J. and {Nelemans}, G. and {Nicastro}, L. and
        {Noval}, L. and {Ord{\'e}novic}, C. and {Ordieres-Mer{\'e}}, J.
        and {Osborne}, P. and {Pagani}, C. and {Pagano}, I. and
        {Pailler}, F. and {Palacin}, H. and {Palaversa}, L. and
        {Parsons}, P. and {Pecoraro}, M. and {Pedrosa}, R. and
        {Pentik{\"a}inen}, H. and {Pichon}, B. and {Piersimoni}, A.~M.
        and {Pineau}, F. -X. and {Plachy}, E. and {Plum}, G. and
        {Poujoulet}, E. and {Pr{\v{s}}a}, A. and {Pulone}, L. and
        {Ragaini}, S. and {Rago}, S. and {Rambaux}, N. and {Ramos-
        Lerate}, M. and {Ranalli}, P. and {Rauw}, G. and {Read}, A. and
        {Regibo}, S. and {Reyl{\'e}}, C. and {Ribeiro}, R.~A. and
        {Rimoldini}, L. and {Ripepi}, V. and {Riva}, A. and {Rixon}, G.
        and {Roelens}, M. and {Romero-G{\'o}mez}, M. and {Rowell}, N.
        and {Royer}, F. and {Ruiz-Dern}, L. and {Sadowski}, G. and
        {Sagrist{\`a} Sell{\'e}s}, T. and {Sahlmann}, J. and {Salgado},
        J. and {Salguero}, E. and {Sarasso}, M. and {Savietto}, H. and
        {Schultheis}, M. and {Sciacca}, E. and {Segol}, M. and
        {Segovia}, J.~C. and {Segransan}, D. and {Shih}, I. -C. and
        {Smareglia}, R. and {Smart}, R.~L. and {Solano}, E. and
        {Solitro}, F. and {Sordo}, R. and {Soria Nieto}, S. and
        {Souchay}, J. and {Spagna}, A. and {Spoto}, F. and {Stampa}, U.
        and {Steele}, I.~A. and {Steidelm{\"u}ller}, H. and
        {Stephenson}, C.~A. and {Stoev}, H. and {Suess}, F.~F. and
        {S{\"u}veges}, M. and {Surdej}, J. and {Szabados}, L. and
        {Szegedi-Elek}, E. and {Tapiador}, D. and {Taris}, F. and
        {Tauran}, G. and {Taylor}, M.~B. and {Teixeira}, R. and
        {Terrett}, D. and {Tingley}, B. and {Trager}, S.~C. and {Turon},
        C. and {Ulla}, A. and {Utrilla}, E. and {Valentini}, G. and {van
        Elteren}, A. and {Van Hemelryck}, E. and {van Leeuwen}, M. and
        {Varadi}, M. and {Vecchiato}, A. and {Veljanoski}, J. and {Via},
        T. and {Vicente}, D. and {Vogt}, S. and {Voss}, H. and
        {Votruba}, V. and {Voutsinas}, S. and {Walmsley}, G. and
        {Weiler}, M. and {Weingrill}, K. and {Wevers}, T. and
        {Wyrzykowski}, {\L}. and {Yoldas}, A. and {{\v{Z}}erjal}, M. and
        {Zucker}, S. and {Zurbach}, C. and {Zwitter}, T. and {Alecu}, A.
        and {Allen}, M. and {Allende Prieto}, C. and {Amorim}, A. and
        {Anglada-Escud{\'e}}, G. and {Arsenijevic}, V. and {Azaz}, S.
        and {Balm}, P. and {Beck}, M. and {Bernstein}, H. -H. and
        {Bigot}, L. and {Bijaoui}, A. and {Blasco}, C. and {Bonfigli},
        M. and {Bono}, G. and {Boudreault}, S. and {Bressan}, A. and
        {Brown}, S. and {Brunet}, P. -M. and {Bunclark}, P. and
        {Buonanno}, R. and {Butkevich}, A.~G. and {Carret}, C. and
        {Carrion}, C. and {Chemin}, L. and {Ch{\'e}reau}, F. and
        {Corcione}, L. and {Darmigny}, E. and {de Boer}, K.~S. and {de
        Teodoro}, P. and {de Zeeuw}, P.~T. and {Delle Luche}, C. and
        {Domingues}, C.~D. and {Dubath}, P. and {Fodor}, F. and
        {Fr{\'e}zouls}, B. and {Fries}, A. and {Fustes}, D. and {Fyfe},
        D. and {Gallardo}, E. and {Gallegos}, J. and {Gardiol}, D. and
        {Gebran}, M. and {Gomboc}, A. and {G{\'o}mez}, A. and {Grux}, E.
        and {Gueguen}, A. and {Heyrovsky}, A. and {Hoar}, J. and
        {Iannicola}, G. and {Isasi Parache}, Y. and {Janotto}, A. -M.
        and {Joliet}, E. and {Jonckheere}, A. and {Keil}, R. and {Kim},
        D. -W. and {Klagyivik}, P. and {Klar}, J. and {Knude}, J. and
        {Kochukhov}, O. and {Kolka}, I. and {Kos}, J. and {Kutka}, A.
        and {Lainey}, V. and {LeBouquin}, D. and {Liu}, C. and
        {Loreggia}, D. and {Makarov}, V.~V. and {Marseille}, M.~G. and
        {Martayan}, C. and {Martinez-Rubi}, O. and {Massart}, B. and
        {Meynadier}, F. and {Mignot}, S. and {Munari}, U. and {Nguyen},
        A. -T. and {Nordlander}, T. and {Ocvirk}, P. and {O'Flaherty},
        K.~S. and {Olias Sanz}, A. and {Ortiz}, P. and {Osorio}, J. and
        {Oszkiewicz}, D. and {Ouzounis}, A. and {Palmer}, M. and {Park},
        P. and {Pasquato}, E. and {Peltzer}, C. and {Peralta}, J. and
        {P{\'e}turaud}, F. and {Pieniluoma}, T. and {Pigozzi}, E. and
        {Poels}, J. and {Prat}, G. and {Prod'homme}, T. and {Raison}, F.
        and {Rebordao}, J.~M. and {Risquez}, D. and {Rocca-Volmerange},
        B. and {Rosen}, S. and {Ruiz-Fuertes}, M.~I. and {Russo}, F. and
        {Sembay}, S. and {Serraller Vizcaino}, I. and {Short}, A. and
        {Siebert}, A. and {Silva}, H. and {Sinachopoulos}, D. and
        {Slezak}, E. and {Soffel}, M. and {Sosnowska}, D. and
        {Strai{\v{z}}ys}, V. and {ter Linden}, M. and {Terrell}, D. and
        {Theil}, S. and {Tiede}, C. and {Troisi}, L. and {Tsalmantza},
        P. and {Tur}, D. and {Vaccari}, M. and {Vachier}, F. and
        {Valles}, P. and {Van Hamme}, W. and {Veltz}, L. and {Virtanen},
        J. and {Wallut}, J. -M. and {Wichmann}, R. and {Wilkinson},
        M.~I. and {Ziaeepour}, H. and {Zschocke}, S.},
        title = "{Gaia Data Release 1. Summary of the astrometric, photometric, and survey
        properties}",
      journal = {\aap},
     keywords = {catalogs, astrometry, parallaxes, proper motions, surveys, Astrophysics
        - Instrumentation and Methods for Astrophysics},
         year = 2016,
        month = Nov,
       volume = {595},
          eid = {A2},
        pages = {A2},
          doi = {10.1051/0004-6361/201629512},
       adsurl = {https://ui.adsabs.harvard.edu/#abs/2016A&A...595A...2G},
      adsnote = {Provided by the SAO/NASA Astrophysics Data System}
}



@ARTICLE{Zari17,
       author = {{Zari}, E. and {Brown}, A.~G.~A. and {de Bruijne}, J. and {Manara},
        C.~F. and {de Zeeuw}, P.~T.},
        title = "{Mapping young stellar populations toward Orion with Gaia DR1}",
      journal = {\aap},
     keywords = {stars: distances, stars: formation, stars: pre-main sequence, stars:
        early-type},
         year = 2017,
        month = Dec,
       volume = {608},
          eid = {A148},
        pages = {A148},
          doi = {10.1051/0004-6361/201731309},
       adsurl = {https://ui.adsabs.harvard.edu/#abs/2017A&A...608A.148Z},
      adsnote = {Provided by the SAO/NASA Astrophysics Data System}
}

@INBOOK{Preibisch08,
       author = {{Preibisch}, T. and {Mamajek}, E.},
        title = "{The Nearest OB Association: Scorpius-Centaurus (Sco OB2)}",
    booktitle = {Handbook of Star Forming Regions, Volume II: The Southern Sky ASP
        Monograph Publications, Vol. 5. Edited by Bo Reipurth, p.235},
         year = 2008,
        pages = {235},
       adsurl = {https://ui.adsabs.harvard.edu/#abs/2008hsf2.book..235P},
      adsnote = {Provided by the SAO/NASA Astrophysics Data System}
}



@ARTICLE{Kounkel18,
       author = {{Kounkel}, Marina and {Covey}, Kevin and {Suarez}, Genaro and
        {Rom{\'a}n-Z{\'u}{\~n}iga}, Carlos and {Hernandez}, Jesus and
        {Stassun}, Keivan and {Jaehnig}, Karl O and {Feigelson}, Eric
        and {Pe{\~n}a Ram{\'\i}rez}, Karla and {Roman-Lopes}, Alexandre
        and {Da Rio}, Nicola and {Stringfellow}, Guy S. and {Kim}, J.
        Serena and {Borissova}, Jura and {Fern{\'a}ndez-Trincado},
        Jos{\'e} G. and {Burgasser}, Adam and
        {Garc{\'\i}a-Hern{\'a}ndez}, D.~A. and {Zamora}, Olga and {Pan},
        Kaike and {Nitschelm}, Christian},
        title = "{The APOGEE-2 Survey of the Orion Star Forming Complex II: Six-
        dimensional structure}",
      journal = {ArXiv e-prints},
     keywords = {Astrophysics - Solar and Stellar Astrophysics, Astrophysics -
        Astrophysics of Galaxies},
         year = 2018,
        month = May,
          eid = {arXiv:1805.04649},
        pages = {arXiv:1805.04649},
archivePrefix = {arXiv},
       eprint = {1805.04649},
       adsurl = {https://ui.adsabs.harvard.edu/#abs/2018arXiv180504649K},
      adsnote = {Provided by the SAO/NASA Astrophysics Data System}
}



@ARTICLE{Briceno18,
       author = {{Briceno}, Cesar and {Calvet}, Nuria and {Hernandez}, Jesus and {Vivas},
        Anna K. and {Mateu}, Cecilia and {Downes}, Juan Jose and
        {Loerincs}, Jaqueline and {Perez-Blanco}, Alice and {Berlind},
        Perry and {Espaillat}, Catherine and {Allen}, Lori and
        {Hartmann}, Lee and {Mateo}, Mario and {Bailey}, John, III},
        title = "{The CIDA Variability Survey of Orion OB1 II: demographics of the young,
        low-mass stellar populations}",
      journal = {ArXiv e-prints},
     keywords = {Astrophysics - Solar and Stellar Astrophysics, Astrophysics -
        Astrophysics of Galaxies},
         year = 2018,
        month = May,
          eid = {arXiv:1805.01008},
        pages = {arXiv:1805.01008},
archivePrefix = {arXiv},
       eprint = {1805.01008},
       adsurl = {https://ui.adsabs.harvard.edu/#abs/2018arXiv180501008B},
      adsnote = {Provided by the SAO/NASA Astrophysics Data System}
}



@ARTICLE{Preibisch02,
       author = {{Preibisch}, Thomas and {Brown}, Anthony G.~A. and {Bridges}, Terry and
        {Guenther}, Eike and {Zinnecker}, Hans},
        title = "{Exploring the Full Stellar Population of the Upper Scorpius OB
        Association}",
      journal = {\aj},
     keywords = {Galaxy: Open Clusters and Associations: Individual: Name: Upper
        Scorpius, Stars: Formation, Stars: Luminosity Function, Mass
        Function, Stars: Pre-Main-Sequence},
         year = 2002,
        month = Jul,
       volume = {124},
        pages = {404-416},
          doi = {10.1086/341174},
       adsurl = {https://ui.adsabs.harvard.edu/#abs/2002AJ....124..404P},
      adsnote = {Provided by the SAO/NASA Astrophysics Data System}
}



@ARTICLE{Wright18,
   author = {{Wright}, N.~J. and {Mamajek}, E.~E.},
    title = "{The kinematics of the Scorpius-Centaurus OB association from Gaia DR1}",
  journal = {\mnras},
archivePrefix = "arXiv",
   eprint = {1801.08540},
 primaryClass = "astro-ph.SR",
 keywords = {stars: formation, stars: kinematics and dynamics, open clusters and associations: individual: Scorpius-Centaurus, Sco OB2, Upper Scorpius, Upper Centaurus-Lupus, Lower Centaurus-Crux},
     year = 2018,
    month = may,
   volume = 476,
    pages = {381-398},
      doi = {10.1093/mnras/sty207},
   adsurl = {http://adsabs.harvard.edu/abs/2018MNRAS.476..381W},
  adsnote = {Provided by the SAO/NASA Astrophysics Data System}
}



@ARTICLE{2016A&A...595A...1G,
       author = {{Gaia Collaboration} and {Prusti}, T. and {de Bruijne}, J.~H.~J. and
        {Brown}, A.~G.~A. and {Vallenari}, A. and {Babusiaux}, C. and
        {Bailer-Jones}, C.~A.~L. and {Bastian}, U. and {Biermann}, M.
        and {Evans}, D.~W. and {Eyer}, L. and {Jansen}, F. and {Jordi},
        C. and {Klioner}, S.~A. and {Lammers}, U. and {Lindegren}, L.
        and {Luri}, X. and {Mignard}, F. and {Milligan}, D.~J. and
        {Panem}, C. and {Poinsignon}, V. and {Pourbaix}, D. and
        {Randich}, S. and {Sarri}, G. and {Sartoretti}, P. and
        {Siddiqui}, H.~I. and {Soubiran}, C. and {Valette}, V. and {van
        Leeuwen}, F. and {Walton}, N.~A. and {Aerts}, C. and {Arenou},
        F. and {Cropper}, M. and {Drimmel}, R. and {H{\o}g}, E. and
        {Katz}, D. and {Lattanzi}, M.~G. and {O'Mullane}, W. and
        {Grebel}, E.~K. and {Holland}, A.~D. and {Huc}, C. and {Passot},
        X. and {Bramante}, L. and {Cacciari}, C. and {Casta{\~n}eda}, J.
        and {Chaoul}, L. and {Cheek}, N. and {De Angeli}, F. and
        {Fabricius}, C. and {Guerra}, R. and {Hern{\'a}ndez}, J. and
        {Jean-Antoine-Piccolo}, A. and {Masana}, E. and {Messineo}, R.
        and {Mowlavi}, N. and {Nienartowicz}, K. and {Ord{\'o}{\~n}ez-
        Blanco}, D. and {Panuzzo}, P. and {Portell}, J. and {Richards},
        P.~J. and {Riello}, M. and {Seabroke}, G.~M. and {Tanga}, P. and
        {Th{\'e}venin}, F. and {Torra}, J. and {Els}, S.~G. and {Gracia-
        Abril}, G. and {Comoretto}, G. and {Garcia-Reinaldos}, M. and
        {Lock}, T. and {Mercier}, E. and {Altmann}, M. and {Andrae}, R.
        and {Astraatmadja}, T.~L. and {Bellas-Velidis}, I. and {Benson},
        K. and {Berthier}, J. and {Blomme}, R. and {Busso}, G. and
        {Carry}, B. and {Cellino}, A. and {Clementini}, G. and {Cowell},
        S. and {Creevey}, O. and {Cuypers}, J. and {Davidson}, M. and
        {De Ridder}, J. and {de Torres}, A. and {Delchambre}, L. and
        {Dell'Oro}, A. and {Ducourant}, C. and {Fr{\'e}mat}, Y. and
        {Garc{\'\i}a-Torres}, M. and {Gosset}, E. and {Halbwachs}, J.
        -L. and {Hambly}, N.~C. and {Harrison}, D.~L. and {Hauser}, M.
        and {Hestroffer}, D. and {Hodgkin}, S.~T. and {Huckle}, H.~E.
        and {Hutton}, A. and {Jasniewicz}, G. and {Jordan}, S. and
        {Kontizas}, M. and {Korn}, A.~J. and {Lanzafame}, A.~C. and
        {Manteiga}, M. and {Moitinho}, A. and {Muinonen}, K. and
        {Osinde}, J. and {Pancino}, E. and {Pauwels}, T. and {Petit}, J.
        -M. and {Recio-Blanco}, A. and {Robin}, A.~C. and {Sarro}, L.~M.
        and {Siopis}, C. and {Smith}, M. and {Smith}, K.~W. and
        {Sozzetti}, A. and {Thuillot}, W. and {van Reeven}, W. and
        {Viala}, Y. and {Abbas}, U. and {Abreu Aramburu}, A. and
        {Accart}, S. and {Aguado}, J.~J. and {Allan}, P.~M. and
        {Allasia}, W. and {Altavilla}, G. and {{\'A}lvarez}, M.~A. and
        {Alves}, J. and {Anderson}, R.~I. and {Andrei}, A.~H. and
        {Anglada Varela}, E. and {Antiche}, E. and {Antoja}, T. and
        {Ant{\'o}n}, S. and {Arcay}, B. and {Atzei}, A. and {Ayache}, L.
        and {Bach}, N. and {Baker}, S.~G. and {Balaguer-N{\'u}{\~n}ez},
        L. and {Barache}, C. and {Barata}, C. and {Barbier}, A. and
        {Barblan}, F. and {Baroni}, M. and {Barrado y Navascu{\'e}s}, D.
        and {Barros}, M. and {Barstow}, M.~A. and {Becciani}, U. and
        {Bellazzini}, M. and {Bellei}, G. and {Bello Garc{\'\i}a}, A.
        and {Belokurov}, V. and {Bendjoya}, P. and {Berihuete}, A. and
        {Bianchi}, L. and {Bienaym{\'e}}, O. and {Billebaud}, F. and
        {Blagorodnova}, N. and {Blanco-Cuaresma}, S. and {Boch}, T. and
        {Bombrun}, A. and {Borrachero}, R. and {Bouquillon}, S. and
        {Bourda}, G. and {Bouy}, H. and {Bragaglia}, A. and {Breddels},
        M.~A. and {Brouillet}, N. and {Br{\"u}semeister}, T. and
        {Bucciarelli}, B. and {Budnik}, F. and {Burgess}, P. and
        {Burgon}, R. and {Burlacu}, A. and {Busonero}, D. and {Buzzi},
        R. and {Caffau}, E. and {Cambras}, J. and {Campbell}, H. and
        {Cancelliere}, R. and {Cantat-Gaudin}, T. and {Carlucci}, T. and
        {Carrasco}, J.~M. and {Castellani}, M. and {Charlot}, P. and
        {Charnas}, J. and {Charvet}, P. and {Chassat}, F. and
        {Chiavassa}, A. and {Clotet}, M. and {Cocozza}, G. and
        {Collins}, R.~S. and {Collins}, P. and {Costigan}, G. and
        {Crifo}, F. and {Cross}, N.~J.~G. and {Crosta}, M. and
        {Crowley}, C. and {Dafonte}, C. and {Damerdji}, Y. and
        {Dapergolas}, A. and {David}, P. and {David}, M. and {De Cat},
        P. and {de Felice}, F. and {de Laverny}, P. and {De Luise}, F.
        and {De March}, R. and {de Martino}, D. and {de Souza}, R. and
        {Debosscher}, J. and {del Pozo}, E. and {Delbo}, M. and
        {Delgado}, A. and {Delgado}, H.~E. and {di Marco}, F. and {Di
        Matteo}, P. and {Diakite}, S. and {Distefano}, E. and {Dolding},
        C. and {Dos Anjos}, S. and {Drazinos}, P. and {Dur{\'a}n}, J.
        and {Dzigan}, Y. and {Ecale}, E. and {Edvardsson}, B. and
        {Enke}, H. and {Erdmann}, M. and {Escolar}, D. and {Espina}, M.
        and {Evans}, N.~W. and {Eynard Bontemps}, G. and {Fabre}, C. and
        {Fabrizio}, M. and {Faigler}, S. and {Falc{\~a}o}, A.~J. and
        {Farr{\`a}s Casas}, M. and {Faye}, F. and {Federici}, L. and
        {Fedorets}, G. and {Fern{\'a}ndez-Hern{\'a}ndez}, J. and
        {Fernique}, P. and {Fienga}, A. and {Figueras}, F. and
        {Filippi}, F. and {Findeisen}, K. and {Fonti}, A. and
        {Fouesneau}, M. and {Fraile}, E. and {Fraser}, M. and {Fuchs},
        J. and {Furnell}, R. and {Gai}, M. and {Galleti}, S. and
        {Galluccio}, L. and {Garabato}, D. and {Garc{\'\i}a-Sedano}, F.
        and {Gar{\'e}}, P. and {Garofalo}, A. and {Garralda}, N. and
        {Gavras}, P. and {Gerssen}, J. and {Geyer}, R. and {Gilmore}, G.
        and {Girona}, S. and {Giuffrida}, G. and {Gomes}, M. and
        {Gonz{\'a}lez-Marcos}, A. and {Gonz{\'a}lez-N{\'u}{\~n}ez}, J.
        and {Gonz{\'a}lez-Vidal}, J.~J. and {Granvik}, M. and
        {Guerrier}, A. and {Guillout}, P. and {Guiraud}, J. and
        {G{\'u}rpide}, A. and {Guti{\'e}rrez-S{\'a}nchez}, R. and {Guy},
        L.~P. and {Haigron}, R. and {Hatzidimitriou}, D. and {Haywood},
        M. and {Heiter}, U. and {Helmi}, A. and {Hobbs}, D. and
        {Hofmann}, W. and {Holl}, B. and {Holland}, G. and {Hunt},
        J.~A.~S. and {Hypki}, A. and {Icardi}, V. and {Irwin}, M. and
        {Jevardat de Fombelle}, G. and {Jofr{\'e}}, P. and {Jonker},
        P.~G. and {Jorissen}, A. and {Julbe}, F. and {Karampelas}, A.
        and {Kochoska}, A. and {Kohley}, R. and {Kolenberg}, K. and
        {Kontizas}, E. and {Koposov}, S.~E. and {Kordopatis}, G. and
        {Koubsky}, P. and {Kowalczyk}, A. and {Krone-Martins}, A. and
        {Kudryashova}, M. and {Kull}, I. and {Bachchan}, R.~K. and
        {Lacoste-Seris}, F. and {Lanza}, A.~F. and {Lavigne}, J. -B. and
        {Le Poncin-Lafitte}, C. and {Lebreton}, Y. and {Lebzelter}, T.
        and {Leccia}, S. and {Leclerc}, N. and {Lecoeur-Taibi}, I. and
        {Lemaitre}, V. and {Lenhardt}, H. and {Leroux}, F. and {Liao},
        S. and {Licata}, E. and {Lindstr{\o}m}, H.~E.~P. and {Lister},
        T.~A. and {Livanou}, E. and {Lobel}, A. and {L{\"o}ffler}, W.
        and {L{\'o}pez}, M. and {Lopez-Lozano}, A. and {Lorenz}, D. and
        {Loureiro}, T. and {MacDonald}, I. and {Magalh{\~a}es
        Fernandes}, T. and {Managau}, S. and {Mann}, R.~G. and
        {Mantelet}, G. and {Marchal}, O. and {Marchant}, J.~M. and
        {Marconi}, M. and {Marie}, J. and {Marinoni}, S. and {Marrese},
        P.~M. and {Marschalk{\'o}}, G. and {Marshall}, D.~J. and
        {Mart{\'\i}n-Fleitas}, J.~M. and {Martino}, M. and {Mary}, N.
        and {Matijevi{\v{c}}}, G. and {Mazeh}, T. and {McMillan}, P.~J.
        and {Messina}, S. and {Mestre}, A. and {Michalik}, D. and
        {Millar}, N.~R. and {Miranda}, B.~M.~H. and {Molina}, D. and
        {Molinaro}, R. and {Molinaro}, M. and {Moln{\'a}r}, L. and
        {Moniez}, M. and {Montegriffo}, P. and {Monteiro}, D. and {Mor},
        R. and {Mora}, A. and {Morbidelli}, R. and {Morel}, T. and
        {Morgenthaler}, S. and {Morley}, T. and {Morris}, D. and
        {Mulone}, A.~F. and {Muraveva}, T. and {Musella}, I. and
        {Narbonne}, J. and {Nelemans}, G. and {Nicastro}, L. and
        {Noval}, L. and {Ord{\'e}novic}, C. and {Ordieres-Mer{\'e}}, J.
        and {Osborne}, P. and {Pagani}, C. and {Pagano}, I. and
        {Pailler}, F. and {Palacin}, H. and {Palaversa}, L. and
        {Parsons}, P. and {Paulsen}, T. and {Pecoraro}, M. and
        {Pedrosa}, R. and {Pentik{\"a}inen}, H. and {Pereira}, J. and
        {Pichon}, B. and {Piersimoni}, A.~M. and {Pineau}, F. -X. and
        {Plachy}, E. and {Plum}, G. and {Poujoulet}, E. and
        {Pr{\v{s}}a}, A. and {Pulone}, L. and {Ragaini}, S. and {Rago},
        S. and {Rambaux}, N. and {Ramos-Lerate}, M. and {Ranalli}, P.
        and {Rauw}, G. and {Read}, A. and {Regibo}, S. and {Renk}, F.
        and {Reyl{\'e}}, C. and {Ribeiro}, R.~A. and {Rimoldini}, L. and
        {Ripepi}, V. and {Riva}, A. and {Rixon}, G. and {Roelens}, M.
        and {Romero-G{\'o}mez}, M. and {Rowell}, N. and {Royer}, F. and
        {Rudolph}, A. and {Ruiz-Dern}, L. and {Sadowski}, G. and
        {Sagrist{\`a} Sell{\'e}s}, T. and {Sahlmann}, J. and {Salgado},
        J. and {Salguero}, E. and {Sarasso}, M. and {Savietto}, H. and
        {Schnorhk}, A. and {Schultheis}, M. and {Sciacca}, E. and
        {Segol}, M. and {Segovia}, J.~C. and {Segransan}, D. and
        {Serpell}, E. and {Shih}, I. -C. and {Smareglia}, R. and
        {Smart}, R.~L. and {Smith}, C. and {Solano}, E. and {Solitro},
        F. and {Sordo}, R. and {Soria Nieto}, S. and {Souchay}, J. and
        {Spagna}, A. and {Spoto}, F. and {Stampa}, U. and {Steele},
        I.~A. and {Steidelm{\"u}ller}, H. and {Stephenson}, C.~A. and
        {Stoev}, H. and {Suess}, F.~F. and {S{\"u}veges}, M. and
        {Surdej}, J. and {Szabados}, L. and {Szegedi-Elek}, E. and
        {Tapiador}, D. and {Taris}, F. and {Tauran}, G. and {Taylor},
        M.~B. and {Teixeira}, R. and {Terrett}, D. and {Tingley}, B. and
        {Trager}, S.~C. and {Turon}, C. and {Ulla}, A. and {Utrilla}, E.
        and {Valentini}, G. and {van Elteren}, A. and {Van Hemelryck},
        E. and {van Leeuwen}, M. and {Varadi}, M. and {Vecchiato}, A.
        and {Veljanoski}, J. and {Via}, T. and {Vicente}, D. and {Vogt},
        S. and {Voss}, H. and {Votruba}, V. and {Voutsinas}, S. and
        {Walmsley}, G. and {Weiler}, M. and {Weingrill}, K. and
        {Werner}, D. and {Wevers}, T. and {Whitehead}, G. and
        {Wyrzykowski}, {\L}. and {Yoldas}, A. and {{\v{Z}}erjal}, M. and
        {Zucker}, S. and {Zurbach}, C. and {Zwitter}, T. and {Alecu}, A.
        and {Allen}, M. and {Allende Prieto}, C. and {Amorim}, A. and
        {Anglada-Escud{\'e}}, G. and {Arsenijevic}, V. and {Azaz}, S.
        and {Balm}, P. and {Beck}, M. and {Bernstein}, H. -H. and
        {Bigot}, L. and {Bijaoui}, A. and {Blasco}, C. and {Bonfigli},
        M. and {Bono}, G. and {Boudreault}, S. and {Bressan}, A. and
        {Brown}, S. and {Brunet}, P. -M. and {Bunclark}, P. and
        {Buonanno}, R. and {Butkevich}, A.~G. and {Carret}, C. and
        {Carrion}, C. and {Chemin}, L. and {Ch{\'e}reau}, F. and
        {Corcione}, L. and {Darmigny}, E. and {de Boer}, K.~S. and {de
        Teodoro}, P. and {de Zeeuw}, P.~T. and {Delle Luche}, C. and
        {Domingues}, C.~D. and {Dubath}, P. and {Fodor}, F. and
        {Fr{\'e}zouls}, B. and {Fries}, A. and {Fustes}, D. and {Fyfe},
        D. and {Gallardo}, E. and {Gallegos}, J. and {Gardiol}, D. and
        {Gebran}, M. and {Gomboc}, A. and {G{\'o}mez}, A. and {Grux}, E.
        and {Gueguen}, A. and {Heyrovsky}, A. and {Hoar}, J. and
        {Iannicola}, G. and {Isasi Parache}, Y. and {Janotto}, A. -M.
        and {Joliet}, E. and {Jonckheere}, A. and {Keil}, R. and {Kim},
        D. -W. and {Klagyivik}, P. and {Klar}, J. and {Knude}, J. and
        {Kochukhov}, O. and {Kolka}, I. and {Kos}, J. and {Kutka}, A.
        and {Lainey}, V. and {LeBouquin}, D. and {Liu}, C. and
        {Loreggia}, D. and {Makarov}, V.~V. and {Marseille}, M.~G. and
        {Martayan}, C. and {Martinez-Rubi}, O. and {Massart}, B. and
        {Meynadier}, F. and {Mignot}, S. and {Munari}, U. and {Nguyen},
        A. -T. and {Nordlander}, T. and {Ocvirk}, P. and {O'Flaherty},
        K.~S. and {Olias Sanz}, A. and {Ortiz}, P. and {Osorio}, J. and
        {Oszkiewicz}, D. and {Ouzounis}, A. and {Palmer}, M. and {Park},
        P. and {Pasquato}, E. and {Peltzer}, C. and {Peralta}, J. and
        {P{\'e}turaud}, F. and {Pieniluoma}, T. and {Pigozzi}, E. and
        {Poels}, J. and {Prat}, G. and {Prod'homme}, T. and {Raison}, F.
        and {Rebordao}, J.~M. and {Risquez}, D. and {Rocca-Volmerange},
        B. and {Rosen}, S. and {Ruiz-Fuertes}, M.~I. and {Russo}, F. and
        {Sembay}, S. and {Serraller Vizcaino}, I. and {Short}, A. and
        {Siebert}, A. and {Silva}, H. and {Sinachopoulos}, D. and
        {Slezak}, E. and {Soffel}, M. and {Sosnowska}, D. and
        {Strai{\v{z}}ys}, V. and {ter Linden}, M. and {Terrell}, D. and
        {Theil}, S. and {Tiede}, C. and {Troisi}, L. and {Tsalmantza},
        P. and {Tur}, D. and {Vaccari}, M. and {Vachier}, F. and
        {Valles}, P. and {Van Hamme}, W. and {Veltz}, L. and {Virtanen},
        J. and {Wallut}, J. -M. and {Wichmann}, R. and {Wilkinson},
        M.~I. and {Ziaeepour}, H. and {Zschocke}, S.},
        title = "{The Gaia mission}",
      journal = {\aap},
     keywords = {space vehicles: instruments, Galaxy: structure, astrometry, parallaxes,
        proper motions, telescopes, Astrophysics - Instrumentation and
        Methods for Astrophysics},
         year = 2016,
        month = Nov,
       volume = {595},
          eid = {A1},
        pages = {A1},
          doi = {10.1051/0004-6361/201629272},
       adsurl = {https://ui.adsabs.harvard.edu/#abs/2016A&A...595A...1G},
      adsnote = {Provided by the SAO/NASA Astrophysics Data System}
}




@ARTICLE{Robitaille13,
   author = {{Astropy Collaboration} and {Robitaille}, T.~P. and {Tollerud}, E.~J. and 
	{Greenfield}, P. and {Droettboom}, M. and {Bray}, E. and {Aldcroft}, T. and 
	{Davis}, M. and {Ginsburg}, A. and {Price-Whelan}, A.~M. and 
	{Kerzendorf}, W.~E. and {Conley}, A. and {Crighton}, N. and 
	{Barbary}, K. and {Muna}, D. and {Ferguson}, H. and {Grollier}, F. and 
	{Parikh}, M.~M. and {Nair}, P.~H. and {Unther}, H.~M. and {Deil}, C. and 
	{Woillez}, J. and {Conseil}, S. and {Kramer}, R. and {Turner}, J.~E.~H. and 
	{Singer}, L. and {Fox}, R. and {Weaver}, B.~A. and {Zabalza}, V. and 
	{Edwards}, Z.~I. and {Azalee Bostroem}, K. and {Burke}, D.~J. and 
	{Casey}, A.~R. and {Crawford}, S.~M. and {Dencheva}, N. and 
	{Ely}, J. and {Jenness}, T. and {Labrie}, K. and {Lim}, P.~L. and 
	{Pierfederici}, F. and {Pontzen}, A. and {Ptak}, A. and {Refsdal}, B. and 
	{Servillat}, M. and {Streicher}, O.},
    title = "{Astropy: A community Python package for astronomy}",
  journal = {\aap},
archivePrefix = "arXiv",
   eprint = {1307.6212},
 primaryClass = "astro-ph.IM",
 keywords = {methods: data analysis, methods: miscellaneous, virtual observatory tools},
     year = 2013,
    month = oct,
   volume = 558,
      eid = {A33},
    pages = {A33},
      doi = {10.1051/0004-6361/201322068},
   adsurl = {http://adsabs.harvard.edu/abs/2013A%26A...558A..33A},
  adsnote = {Provided by the SAO/NASA Astrophysics Data System}
}

@Article{Hunter07,
  Author    = {Hunter, J. D.},
  Title     = {Matplotlib: A 2D graphics environment},
  Journal   = {Computing In Science \& Engineering},
  Volume    = {9},
  Number    = {3},
  Pages     = {90--95},
  abstract  = {Matplotlib is a 2D graphics package used for Python
  for application development, interactive scripting, and
  publication-quality image generation across user
  interfaces and operating systems.},
  publisher = {IEEE COMPUTER SOC},
  doi       = {10.1109/MCSE.2007.55},
  year      = 2007
}

@ARTICLE{deZeeuw99,
       author = {{de Zeeuw}, P.~T. and {Hoogerwerf}, R. and {de Bruijne}, J.~H.~J. and
        {Brown}, A.~G.~A. and {Blaauw}, A.},
        title = "{A HIPPARCOS Census of the Nearby OB Associations}",
      journal = {\aj},
     keywords = {STARS: EARLY-TYPE, STARS: FORMATION, STARS: KINEMATICS, STARS:
        STATISTICS, STARS: PRE-MAIN-SEQUENCE, GALAXY: OPEN CLUSTERS AND
        ASSOCIATIONS: GENERAL, GALAXY: OPEN CLUSTERS AND ASSOCIATIONS:
        INDIVIDUAL: NAME: GOULD BELT},
         year = 1999,
        month = Jan,
       volume = {117},
        pages = {354-399},
          doi = {10.1086/300682},
       adsurl = {https://ui.adsabs.harvard.edu/#abs/1999AJ....117..354D},
      adsnote = {Provided by the SAO/NASA Astrophysics Data System}
}